3500 4868
740 117 963 180 ...28-

181 305 329 374 nimmer
353 307 535 375 verachlen
552 345 596 354 -
612 323 694 374 man
717 307 809 376 lasse
824 303 996 392 (ieringes
1013 320 1056 372 an
1073 299 1239 374 Grossem
1257 305 1347 372 mich
1364 321 1519 382 messena

180 412 225 496 ja,
253 431 325 481 wer
355 413 472 500 jiingsl
502 412 535 481 in
570 414 808 482 neronischem
841 410 1042 504 Wellenbad
1077 410 1272 498 schwelgte,
1307 411 1520 498 verschliigts

183 626 256 694 bier
272 645 313 694 zu
331 644 521 695 erwarmen
538 626 615 696 auis
631 644 708 695 neu.
753 626 841 705 lleil,
862 625 1007 700 Freund
1024 518 1143 692 aluldletr'
1158 622 1388 710 scbdpieriscb
1405 624 1519 693 hohen

185 730 283 801 bldte
308 734 369 802 des
385 730 500 803 (ieists
524 734 593 802 und
618 734 678 802 der
695 733 862 802 Umsichtl
880 771 923 780 -
940 731 1049 800 Freue
1073 731 1150 799 dicb
1174 731 1257 818 lang
1280 730 1341 800 des
1357 729 1519 810 Besitzes‚

186 840 257 908 und
282 841 333 908 als
356 841 411 909 ein
435 840 620 910 scbdneres
644 841 711 909 Los
735 839 870 908 entialte
896 839 974 907 dein
998 837 1111 907 leben
1135 837 1208 906 sicb
1231 837 1358 906 fortanl

716 1049 984 1060 Μ

717 1063 984 1072 ----—--

553 1253 696 1328 Arbor
723 1252 870 1329 Atedii
900 1245 1143 1332 Melioris.¹)

807 1392 837 1460 11
859 1395 894 1460 3.

287 1534 320 1582 ν.
350 1524 380 1582 l:
420 1520 624 1601 „opacet“.
673 1515 837 1585 Platanus
872 1533 893 1582 a
922 1514 1014 1582 Pane
1050 1513 1225 1583 amoribus
1260 1516 1432 1600 nymphae
1467 1514 1522 1582 in-'

180 1621 282 1690 citato
308 1623 420 1706 posita
443 1625 514 1691 erat
537 1622 691 1691 Melioris
715 1640 822 1710 aquas
847 1622 1087 1707 opacatura.
1136 1619 1189 1705 (ci.
1216 1622 1246 1688 h.
1272 1639 1356 1689 cv.
1381 1624 1448 1706 45).

131 1451 157 1516 »l

287 1819 318 1867 v.
360 1806 416 1868 14:
467 1797 655 1878 „Caelica
697 1804 806 1870 tecta
845 1799 992 1869 subit“.
1058 1798 1272 1867 Adiectivum
1318 1797 1515 1878 „Coelicus“

181 1922 351 1991 nusquam
376 1910 529 1974 veterum
555 1907 687 1992 scriptis
711 1906 882 1993 probatur,
907 1906 967 1974 sed
992 1906 1090 1974 docet
1105 1904 1269 1984 Vollmer,
1294 1906 1388 1975 initio
1404 1907 1518 1975 Mark-

180 2011 377 2080 landianam
413 2012 485 2099 ipse
520 2017 658 2082 secutus
692 2016 921 2083 coniecturam
953 2009 1144 2091 „Coelica
1176 2015 1324 2091 tesca“,
1359 2018 1516 2083 neutrum

181 2118 322 2204 pluralis
343 2121 476 2188 numeri
504 2117 717 2197 „Coelica“
745 2121 847 2190 simili
873 2120 987 2197 modo,
1012 2137 1081 2206 quo
1105 2117 1148 2187 lV
1173 2125 1204 2198 5,
1229 2123 1271 2188 56
1298 2119 1515 2198 „Hernica“

182 2230 215 2293 et
239 2225 269 2291 V
294 2231 325 2303 3,
356 2233 416 2295 188
443 2225 661 2303 „Pontica“
688 2246 817 2297 novum
842 2246 863 2296 a
886 2223 993 2296 Statio
1022 2216 1162 2294 allatum
1193 2245 1269 2296 esse
1294 2228 1349 2306 ita,
1379 2231 1415 2296 ut
1437 2228 1517 2297 sub-

182 2334 329 2401 stantivo
368 2330 580 2409 „Coelica“
618 2336 822 2404 adiectivum
861 2337 1014 2414 „tecta“
1054 2337 1113 2421 (=
1150 2335 1294 2420 remota)
1330 2335 1543 2422 adiungere*

180 2443 304 2525 posset.
355 2439 502 2517 „Tecta
526 2439 716 2510 Coelica“
744 2446 875 2511 remota
899 2448 977 2511 sunt
1001 2441 1236 2528 intelligenda;
1261 2459 1341 2509 nam
1366 2443 1518 2529 nympha

179 2545 256 2614 lani
279 2545 481 2635 belligerum
500 2567 632 2628 nemus,
650 2553 722 2617 atra
739 2568 818 2617 rura
835 2547 925 2628 Caci,
943 2567 1048 2636 agros
1065 2546 1260 2634 Quirinales
1277 2552 1519 2633 pererraverat,

180 2654 381 2741 priusquam
419 2652 536 2724 Coelio
570 2656 605 2724 in
640 2660 756 2724 monte
795 2656 962 2725 consedit:
1004 2655 1086 2736 „ibi
1123 2655 1284 2723 demum
1310 2709 1317 2722 .
1344 2709 1351 2723 .
1443 2707 1450 2722 .
1477 2707 1517 2724 ..

181 2759 349 2847 posuit'l)
380 2779 421 2830 se
454 2763 640 2850 margine
670 2764 822 2849 ripae.“

289 2866 387 2954 Quae
412 2872 447 2937 ut
475 2872 651 2957 negentur,
684 2909 728 2918 -
763 2869 953 2949 „coelica
988 2869 1220 2955 (adiectivum)
1254 2872 1387 2938 tecta“
1426 2869 1531 2954 (sub

182 2975 380 3062 stantivum)
413 2975 548 3061 probari
578 2975 701 3046 debent
727 2975 883 3056 fortasse,
911 2977 998 3045 dicta
1027 2994 1088 3062 pro
1118 2973 1235 3044 Coelio
1259 2979 1385 3054 monte,
1415 2995 1517 3064 quem

182 3081 366 3168 antiquitus
391 3079 611 3169 nabitatumss)
628 3087 784 3153 auctores
808 3087 887 3152 sunt
902 3083 1011 3152 Varro
1035 3086 1068 3151 et
1083 3082 1209 3160 Livius,
1227 3081 1284 3150 ubi
1307 3085 1380 3151 turn
1396 3083 1517 3152 Atedio

182 3191 346 3256 steterunt
380 3191 531 3274 „aperti
563 3191 650 3258 sine
679 3189 825 3259 fraude
861 3192 1006 3260 lares“.
1062 3188 1249 3257 Dimidiam
1280 3207 1361 3258 vero
1394 3191 1516 3259 harum

182 3294 416 3365 difficultatum
433 3299 563 3382 partem
580 3297 686 3366 vitare
703 3313 805 3383 posse
822 3298 904 3365 mihi
922 3297 1050 3375 videor,
1063 3297 1092 3364 si
1115 3297 1310 3373 „tectam“
1329 3298 1517 3384 nympham

183 3401 357 3489 distinguo
381 3421 402 3470 a
429 3412 680 3490 „suspensa“
707 3406 871 3490 nympha:
898 3405 1046 3490 primum
1069 3404 1158 3491 iuga
1181 3411 1431 3490 „suspensb“
1458 3422 1518 3492 per

184 3525 289 3594 agros
316 3508 511 3596 Quirinales
534 3510 631 3598 fugit,
655 3511 733 3579 dein
760 3513 915 3590 „tecta“
942 3511 1033 3580 subit
1056 3510 1210 3581 Coelium
1236 3512 1289 3580 vel
1314 3510 1460 3582 Coelica.

289 3711 532 3794 numm:

951 3797 1137 3884 „levique
1166 3814 1356 3882 soporem
1473 3813 1476 3818 ·

345 3899 500 3971 Naidos
530 3921 701 3972 aversae
731 3902 859 3972 fertur
887 3903 1076 3990 tetigisse
1100 3903 1281 3990 sagitta.“

183 4005 239 4078 Sic
274 4009 399 4087 scrib0;
436 4010 497 4079 sed
532 4010 658 4079 diutius
690 4012 831 4079 haerere
860 4028 975 4098 cogor.
1039 4009 1211 4081 Omnibus
1244 4011 1315 4080 tere
1342 4013 1517 4082 codicibus

183 4115 359 4202 probatur:

289 4312 312 4384 1)
332 4313 365 4369 cl.
385 4313 463 4368 Mart.
484 4313 574 4384 Epigr.
593 4313 612 4368 ll
631 4315 674 4378 69,
694 4315 718 4378 7,
738 4313 773 4370 Vl
791 4318 826 4368 28
845 4269 873 4369 et
893 4319 934 4378 29,
954 4313 1007 4369 Vlll
1026 4319 1069 4370 38.

289 4402 312 4468 ²)
332 4402 365 4458 cr.
386 4404 439 4468 12,
459 4407 519 4457 243.

289 4489 372 4560 obe
391 4490 456 4562 ling.
476 4491 534 4546 Lai.
547 4489 582 4546 lV
594 4495 620 4545 8.
657 4491 750 4548 Histl
768 4497 803 4548 30
822 4493 849 4548 et
867 4497 909 4549 33.
