3500 4868
841 174 1041 234 „7-

271 366 425 451 pretatio,
455 383 523 457 quo
552 365 661 434 nitore
691 381 777 450 quae
801 364 873 431 vult
902 367 935 433 et
962 382 1049 452 quae
1074 364 1173 434 sentit
1200 364 1325 432 iudicia
1348 367 1380 431 et
1404 368 1608 452 argumenta

274 470 448 556 Papinius,
465 472 616 540 instituta
639 474 740 557 atque
764 471 930 539 adornata
954 471 1029 539 sint.
1083 469 1276 540 Peccaverit
1300 472 1355 540 bic
1378 473 1444 540 illic
1468 469 1608 544 Statius,

272 618 315 625 —
339 597 427 664 pons
452 582 512 657 est,
537 597 606 666 quo
630 578 776 646 rescisso
804 579 976 665 plerisque
1005 579 1173 648 universis
1208 579 1300 647 illius
1328 581 1446 649 aetatis
1478 580 1608 648 ratione

271 689 304 753 et
327 684 482 754 moribus
506 686 776 762 intercludimur;
813 685 941 771 optime
968 686 1091 753 meruit
1115 686 1157 752 de
1180 690 1250 756 tota
1274 686 1459 755 litterarum
1486 705 1607 754 monu-

178 826 183 842 ·
272 793 409 861 mentis!
463 792 622 862 Flaccum
667 792 785 880 igitur,
820 791 1015 869 Maronem,
1053 792 1227 861 Nasonem
1265 793 1415 861 imitatus
1450 794 1608 881 quamvis

272 900 432 978 elatione,
469 900 660 977 altitudine,
702 897 858 974 artificio,
901 899 1072 985 elegantia
1108 917 1212 984 saepe
1245 898 1372 969 feratur
1411 901 1444 968 in
1485 900 1607 977 maius,

272 1006 412 1074 minime
448 1005 546 1075 debet
574 1007 721 1075 incusari
752 1001 912 1092 Scythica
941 1006 1050 1092 glacie
1085 1004 1249 1092 frigidior.
1301 1007 1410 1075 lmmo
1438 1025 1519 1076 vero
1548 1008 1608 1074 ad-

216 1161 221 1170 .
272 1113 429 1181 miranda
441 1111 672 1182 Statianorum
684 1113 790 1182 flores
802 1131 843 1180 ac
854 1111 986 1181 lumina
997 1114 1202 1181 carminum!
1225 1114 1426 1183 admiranda
1437 1113 1608 1192 facundia,

271 1220 476 1299 volubilitas,
501 1221 744 1289 sententiarum
763 1220 1013 1288 reconditarum
1031 1221 1207 1290 crebritas!
1255 1221 1333 1289 Acsi
1358 1239 1446 1308 quae
1470 1224 1607 1290 nostrae

273 1327 471 1413 cogitationi
495 1332 574 1396 sunt
597 1328 752 1405 obscura,
770 1367 813 1374 -
830 1325 939 1395 Roma
954 1328 1067 1395 locuta
1082 1331 1147 1396 est!
1174 1327 1423 1415 Permultorum
1448 1345 1607 1396 summus

275 1436 327 1502 est
362 1435 522 1519 splendor
557 1436 720 1512 locorum,
756 1434 836 1502 felix
871 1438 903 1502 et
939 1436 1052 1502 audax
1082 1436 1246 1513 inventio,
1283 1435 1528 1521 permultarum
1557 1435 1607 1502 in-

274 1541 456 1626 geniosum
482 1560 626 1610 acumen
651 1543 836 1611 dictionum
847 1540 882 1628 ¹),
917 1559 1028 1628 neque
1056 1542 1170 1618 miror,
1200 1543 1291 1629 quod
1324 1541 1486 1628 Papinius
1515 1541 1607 1608 baud

274 1649 406 1734 gregali
443 1649 615 1733 praeditus
651 1650 764 1716 indole
800 1651 900 1735 atque
940 1648 1137 1726 subtilitate,
1173 1649 1297 1717 teneris
1333 1649 1375 1716 ab
1413 1648 1608 1736 unguiculis

273 1755 439 1840 genitoris
463 1758 533 1824 arte
558 1756 708 1824 imbutus
731 1756 1002 1842 exercitatusque
1026 1757 1184 1840 exemplo
1213 1757 1280 1823 iam
1311 1756 1511 1823 adolescens
1534 1751 1624 1822 ver·'

274 1860 368 1928 sibus
386 1863 522 1930 studuit.
571 1863 670 1948 Quae
685 1881 762 1930 cum
781 1862 1132 1948 adpropinquantibus
1146 1861 1302 1930 fortunae
1318 1861 1608 1931 vicissitudinibus

274 1968 419 2035 evadere
435 1969 568 2038 soleant
584 1988 730 2038 unacum
749 1969 888 2055 puerilis
905 1969 1008 2037 animi
1026 1969 1141 2036 habitu
1166 1973 1256 2037 sorte
1280 1973 1448 2046 contento,
1473 1969 1608 2037 arcanis

274 2076 418 2143 somniis
442 2075 589 2160 perfuso,
619 2074 747 2144 Statius
776 2076 878 2145 rebus
908 2080 939 2144 et
968 2077 1128 2145 secundis
1152 2078 1184 2144 et
1208 2077 1363 2146 adversis
1387 2094 1495 2162 usque
1520 2075 1607 2142 occi-

274 2181 408 2249 dentem
435 2184 468 2249 in
492 2184 596 2251 vitam
620 2186 756 2270 gratum
776 2202 918 2270 semper
942 2203 978 2252 se
1002 2184 1156 2270 praebuit
1180 2183 1291 2253 Musis
1314 2190 1346 2251 et
1370 2184 1537 2250 dilectum.

381 2305 516 2376 Placeat
532 2308 643 2395 igitur,
669 2326 745 2376 cum
763 2311 915 2376 cannina
932 2309 1063 2394 placent
1080 2309 1194 2376 nativo
1211 2309 1360 2395 quodam
1377 2308 1500 2383 colore,
1524 2323 1606 2372 vera

273 2414 362 2480 vitae
387 2414 547 2501 imagine,
573 2417 703 2501 placeat
727 2417 780 2483 vel
805 2417 878 2502 ipse
903 2419 1016 2502 poeta!

380 2539 444 2607 Hic
478 2542 540 2608 etsi
570 2543 734 2610 nonnulla
764 2543 806 2609 de
837 2540 979 2626 Papinio
1009 2539 1117 2626 ipsol)
1151 2541 1265 2626 paullo
1300 2540 1437 2607 uberius
1474 2538 1606 2606 adferre

274 2662 426 2728 possum,
462 2666 549 2734 quae
577 2667 655 2716 cum
684 2650 829 2716 aliorum
860 2648 954 2715 libris
981 2651 1053 2716 tum
1078 2645 1182 2717 Silvis
1210 2649 1377 2715 exstantia
1409 2645 1472 2714 sub
1498 2663 1603 2711 unum

273 2751 470 2838 adspectum
495 2754 646 2823 subiecta
668 2760 930 2842 cognoscantur,
961 2755 1119 2822 reticendi
1144 2758 1259 2822 tamen
1289 2757 1364 2821 utar
1395 2753 1533 2828 ratione,
1563 2769 1606 2818 ne

272 2858 336 2925 sim
363 2860 489 2947 longus
513 2879 599 2929 neve
624 2863 725 2930 nimis
749 2865 919 2930 accrescat
942 2864 1155 2946 opusculum.

379 2984 446 3054 Sed
471 3006 554 3056 cave
577 2989 732 3073 increpes
756 3007 811 3055 me
835 2989 929 3073 pacis
954 2992 985 3057 et
1009 2988 1211 3056 concordiae
1226 2991 1388 3073 tanquam
1408 2988 1602 3070 patronum:

272 3095 439 3178 exemplis
463 3114 551 3182 quae
576 3096 655 3172 dixi,
680 3096 846 3163 evincam.

378 3378 400 3446 1)
420 3378 453 3433 cf.
473 3379 553 3449 Ang.
574 3379 675 3436 Polit.
697 3381 731 3435 ad
751 3380 832 3436 Silv.:
854 3380 942 3443 ,Nihil
962 3381 990 3435 in
1003 3377 1086 3434 Silvis
1106 3395 1161 3435 non
1181 3378 1359 3448 sagacissime
1378 3377 1528 3439 inventum,
1548 3389 1602 3429 non

270 3467 481 3536 prudentissime
499 3469 661 3539 dispositum
682 3472 732 3533 est,
751 3470 841 3525 nullus
860 3485 915 3525 non
935 3470 1055 3524 tentatus
1074 3469 1152 3524 locus
1171 3470 1252 3538 atque
1265 3481 1408 3528 excussus,
1428 3465 1501 3518 unde
1514 3463 1605 3533 aliqua

270 3557 353 3612 modo
373 3557 500 3628 voluptas
519 3557 670 3614 eliceretur.
708 3559 801 3628 ltaque
829 3561 859 3614 ut
887 3559 913 3612 in
933 3557 1074 3612 Thebaide
1097 3560 1180 3626 atque
1198 3555 1351 3611 Achilleide
1375 3554 1528 3611 secundum
1554 3551 1604 3606 sibi

268 3645 339 3701 inter
357 3647 399 3701 sui
418 3647 521 3702 ordinis
539 3650 637 3717 poetas
651 3663 703 3704 suo
716 3647 794 3718 quasi
815 3648 874 3703 iure
889 3648 979 3702 locum
993 3647 1143 3709 vindicarit,
1164 3647 1201 3700 ita
1213 3647 1239 3700 in
1254 3646 1296 3700 bis
1309 3642 1446 3699 Silvarum
1460 3641 1604 3713 poematis,

270 3734 369 3804 quibus
389 3735 455 3791 citra
474 3738 611 3792 aemulum
631 3737 730 3801 floruit,
754 3738 809 3790 tam
835 3752 865 3792 se
885 3737 943 3805 ipse
963 3738 1026 3805 post
1045 3751 1075 3792 se
1094 3735 1209 3806 reliquit,
1233 3750 1315 3806 quam
1335 3734 1452 3790 eundem
1472 3731 1603 3801 Virgilius

270 3823 349 3879 Maro
369 3825 395 3878 in
416 3825 602 3896 superioribus
622 3826 808 3882 antecesserat
828 3870 833 3880 .
854 3868 860 3880 .
881 3866 914 3879 ..
952 3825 988 3882 Ut
1016 3841 1071 3881 non
1100 3825 1175 3881 ierim
1204 3824 1309 3880 inficias
1335 3837 1420 3893 posse
1448 3820 1548 3891 aliquid
1576 3820 1602 3873 in

269 3916 345 3971 tanta
364 3913 521 3970 Latinorum
541 3915 709 3987 supellectile
729 3915 852 3980 inveniri,
872 3914 946 3985 quod
965 3903 1007 3970 his
1031 3913 1167 3970 Silvarum
1190 3913 1286 3970 libellis
1306 3953 1418 3966 .....
1448 3909 1604 3966 antecellat:

269 4005 307 4059 ita
325 4005 391 4060 illud
410 4018 473 4060 meo
492 4006 569 4075 quasi
589 4006 646 4060 iure
665 4019 749 4074 posse
761 4005 858 4060 videor
870 4004 995 4060 obtinere
1008 4004 1142 4060 eiusmodi
1161 4018 1223 4058 esse
1236 4005 1288 4058 bos
1300 4001 1415 4065 libellos,
1434 4000 1567 4070 quibus..
1580 4041 1603 4053 ..

270 4093 335 4150 nibil
354 4108 390 4149 ex
409 4095 483 4150 omni
504 4093 661 4151 Latinorum
683 4094 763 4165 copia
781 4094 968 4150 antetuleris.“
988 4125 1024 4132 -
1043 4094 1076 4150 cf.
1095 4094 1173 4163 praet
1200 4093 1224 4148 J.
1239 4092 1320 4164 Casp.
1335 4090 1464 4152 Gaevert,
1487 4088 1524 4143 Μ.
1539 4088 1603 4142 Ant.

269 4183 433 4248 Sabellicus,
452 4184 504 4238 lul.
519 4183 624 4240 Caesar
643 4183 774 4254 Scaliger,
795 4183 828 4238 l·l.
848 4184 882 4239 de
903 4182 999 4247 Groot,
1018 4183 1060 4238 Pr.
1075 4182 1204 4239 Vollmer.

375 4289 399 4362 2)
419 4291 452 4347 cf.
482 4289 501 4345 ll
529 4291 612 4361 praef.
642 4295 673 4344 21
705 4304 759 4358 sq.;
791 4296 816 4353 2,
846 4293 870 4345 6.
921 4291 952 4346 lll
971 4295 996 4356 5,
1025 4295 1059 4346 28
1087 4305 1155 4360 sqq,
1192 4295 1227 4344 78
1254 4305 1314 4359 sqq.
1348 4288 1382 4342 lV
1410 4292 1434 4350 2,
1464 4287 1498 4339 65
1528 4299 1602 4352 sqq.;

269 4386 294 4446 4,
307 4383 342 4439 69
355 4396 397 4450 sq.
434 4381 459 4437 V
472 4385 497 4446 3,
517 4382 552 4435 ³6
564 4394 615 4448 sq,
629 4384 680 4435 225
694 4394 752 4448 sqq.
792 4380 835 4435 Fr.
846 4380 946 4445 Dubn,
966 4380 1040 4435 Nott.
1054 4379 1117 4444 litt.;
1136 4380 1216 4435 Dom.
1232 4377 1307 4434 Cald.
1322 4376 1389 4433 Silv.
1404 4377 1456 4439 ed,
1475 4373 1505 4429 li.
1522 4378 1602 4438 1475;

269 4470 302 4526 H.
322 4472 357 4526 de
376 4469 477 4534 (iroot;
498 4471 575 4526 Ferd.
590 4470 685 4533 Hand;
705 4468 788 4525 Cocc.
808 4469 923 4533 Sabell.;
946 4470 1002 4526 ter.
1022 4469 1179 4533 Markland;
1200 4467 1242 4522 Fr.
1256 4465 1379 4522 Vollmer
1397 4463 1437 4531 (P.
1453 4463 1518 4532 Pap.
1532 4460 1600 4517 Stat.

269 4559 337 4615 Silv.
356 4560 374 4614 l.
392 4557 476 4628 praef.
497 4563 590 4630 paga
610 4573 662 4628 sq,
685 4563 716 4612 15
735 4559 808 4627 sqq.)
828 4560 929 4626 quique
949 4559 1031 4614 ceteri
1051 4558 1142 4614 Silvas
1161 4555 1327 4611 adnotarunt
1345 4551 1394 4605 viri
1413 4551 1494 4605 docti.
