3500 4868
815 146 1037 208 ...25-

415 338 535 407 crescit
558 339 592 405 et
616 337 797 405 innumero
821 335 975 423 pendens
998 337 1234 407 transmittitur
1258 355 1350 416 arcu,
1374 377 1418 387 ——

417 448 568 514 vestrum
594 461 682 530 opus
705 443 938 530 adgredimur,
960 447 1075 514 vestra
1098 447 1159 523 est,
1183 462 1287 532 quam
1310 445 1461 512 carmine
1485 445 1579 516 molli

418 552 532 638 pando
557 552 692 620 domus.
717 568 786 618 non
812 569 962 638 unquam
987 551 1063 620 aliis
1087 551 1264 621 habitastis
1288 552 1322 619 in
1347 553 1452 620 antris

419 660 530 728 ditius.
556 660 631 746 ipsa
655 675 779 726 manus
802 653 909 727 tenuit
933 656 1102 745 Cytherea
1126 659 1237 728 mariti

419 766 688 852 monstravitque
712 767 811 842 artes
840 782 906 833 neu
930 765 1008 834 vilis
1030 764 1173 835 ilamma
1196 765 1351 835 caminos

418 877 541 950 ureret,
565 875 641 960 ipsa
663 872 757 941 iaces
780 872 958 942 volucrum
982 873 1156 942 succendit
1178 873 1356 942 Amorum.

419 979 498 1048 Non
523 983 592 1048 huc
615 978 787 1049 admissae
810 978 979 1066 Thasos¹)
1004 983 1062 1048 aut
1085 980 1219 1049 undosa
1244 977 1437 1067 Caryst0s¹)

420 1091 549 1156 maeret
572 1085 697 1173 onyx³l
722 1081 1078 1174 longe,'queriturque
1102 1087 1262 1155 exclusus
1285 1088 1468 1173 ophites⁴tz

418 1196 494 1264 sola
516 1195 599 1264 nitet
620 1193 721 1262 flavis
747 1193 943 1262 Nomadum
969 1194 1084 1262 decisa
1108 1193 1254 1262 metallis

420 1320 578 1388 purpura,
602 1303 679 1370 sola
702 1319 788 1370 cavo
813 1301 983 1390 Phrygiae
1006 1320 1109 1389 quarn
1134 1299 1317 1387 Synnados
1341 1305 1437 1370 antro

420 1410 493 1495 ipse
517 1410 705 1478 cruentavit
729 1410 873 1477 maculis
896 1409 1086 1478 lucentibus
1109 1407 1229 1496 Attis5)
1276 1389 1280 1411 ¹

420 1520 569 1603 quotque
593 1516 678 1604 Tyri
697 1517 816 1586 niveas
840 1519 933 1585 secat
957 1520 989 1584 et
1012 1513 1155 1585 Sidonia
1178 1534 1289 1602 rupes.

418 1623 484 1692 Vix
508 1625 604 1692 locus
628 1621 818 1710 Eurotaefl),
843 1623 961 1691 viridis
985 1641 1062 1691 cum
1088 1625 1208 1710 regula
1231 1623 1336 1709 longo

418 1727 585 1818 Synnada
608 1731 766 1800 distinctu
791 1731 909 1798 variat.
935 1748 1003 1798 non
1027 1730 1146 1798 limina
1169 1732 1313 1798 cessant.

419 1835 592 1924 Eiiulgent
617 1854 784 1915 camerac,
809 1837 905 1904 vario
928 1835 1068 1924 fastigia
1089 1837 1177 1905 vitro

421 1944 455 2010 in
480 1944 612 2030 species
638 1944 824 2030 animoque
848 1944 962 2012 nitent.
988 1947 1099 2030 stupet
1123 1943 1196 2031 ipse
1218 1943 1338 2014 beatas

420 2052 674 2136 circumplexus
698 2068 783 2137 opes
807 2053 840 2118 et
864 2051 999 2136 parcius
1023 2051 1166 2137 imperat
1190 2050 1290 2139 ignis.

421 2157 551 2224 Multus
576 2156 700 2244 ubique
725 2158 809 2235 dies,
834 2158 938 2226 radiis
963 2156 1019 2226 ubi
1044 2158 1193 2226 culmina
1215 2157 1295 2226 totis

418 2262 567 2349 perforat
591 2266 691 2351 atque
716 2265 783 2333 alio
807 2266 858 2334 sol
883 2265 1061 2352 improbus
1086 2267 1193 2334 uritur
1215 2268 1322 2334 aestu.

422 2370 477 2438 Nil
502 2371 546 2438 ibi
572 2371 758 2457 plebeium;
783 2389 954 2459 nusquam
979 2371 1180 2459 Temesea⁷)
1205 2373 1340 2441 notabis

423 2496 513 2556 aera,
538 2478 598 2545 sed
624 2481 767 2564 argento
791 2477 872 2545 felix
897 2479 1095 2564 propellitur
1118 2480 1210 2546 unda

422 2589 634 2673 argentoque
659 2585 747 2652 cadit
771 2585 943 2672 labrisque
967 2586 1150 2655 nitentibus
1175 2588 1276 2654 instat

421 2692 560 2760 delicias
585 2693 707 2760 mirata
731 2695 871 2761 suaset
895 2691 987 2761 abire
1011 2696 1153 2762 recusat.

344 2797 347 2804 ’
420 2797 523 2866 Extra
548 2801 661 2866 autem
686 2799 786 2867 niveo
810 2800 867 2884 qui
892 2799 1048 2886 margine
1071 2801 1228 2868 caerulus
1252 2800 1364 2868 amnis

420 2905 503 2973 vivit
527 2907 559 2972 et
583 2905 616 2972 in
640 2923 816 2974 summum
841 2904 947 2973 iundo
972 2909 1062 2991 patet
1085 2907 1198 2976 omnis
1223 2907 1266 2975 ab
1290 2907 1370 2985 imo,

421 3013 475 3080 cui
500 3030 569 3079 non
595 3011 642 3079 ire
666 3013 742 3080 lacu
767 3012 953 3099 pigrosque
979 3013 1157 3083 exsolvere
1181 3015 1326 3083 amictus

421 3118 588 3187 suadeat?
614 3120 679 3186 hoc
703 3119 819 3186 mallei
843 3119 937 3188 nasci
963 3117 1130 3207 Cytherea
1154 3120 1334 3208 profundo,

421 3227 475 3294 hic
498 3229 530 3294 te
554 3226 770 3313 perspicuum
796 3226 929 3305 melius,
955 3226 1124 3306 Narcisse‚
1148 3229 1294 3308 videres,

422 3332 476 3402 hic
499 3335 601 3402 velox
625 3332 752 3402 Hecate
775 3333 855 3400 velit
878 3336 911 3402 et
934 3334 1104 3420 deprensa
1125 3336 1242 3404 lavari.

422 3438 514 3525 Quid
538 3458 630 3509 nunc
653 3443 758 3508 strata
781 3441 856 3508 solo
881 3439 1025 3509 reieram
1049 3442 1201 3511 tabulata
1224 3442 1392 3528 crepantis

421 3546 581 3616 auditura
605 3548 703 3633 pilas,
729 3546 785 3614 ubi
811 3547 997 3634 languidus
1022 3549 1112 3636 ignis
1137 3549 1261 3619 inerrat

425 3654 569 3723 aedibus
594 3655 626 3721 et
649 3655 787 3721 tenuem
812 3654 954 3723 volvunt
978 3655 1190 3742 hypocausta
1211 3662 1400 3743 vaporem?

424 3761 495 3830 Nec
520 3761 548 3830 si
574 3760 714 3828 Baianis
737 3760 852 3828 veniat
876 3779 987 3830 novus
1012 3763 1138 3848 hospes
1163 3762 1206 3831 ab
1230 3763 1309 3840 oris,

261 3907 532 3920 W

367 3997 377 4031 1
408 3993 441 4051 ci.
461 3993 528 4049 Plin.
548 3993 610 4049 Nat.
631 3992 691 4047 hist.
711 3991 822 4047 XXXVI
841 3997 865 4049 5.

366 4087 377 4122 ²
408 4085 442 4140 ci.
461 4083 529 4138 Plin.
549 4081 612 4137 Nat.
632 4081 694 4136 hisi.
713 4080 748 4137 lV
768 4086 815 4146 213
834 4081 944 4137 XXXVl
964 4087 987 4138 7.

367 4178 379 4212 ³
410 4173 442 4229 ci.
463 4173 530 4227 Plin.
549 4170 613 4226 Nat.
633 4170 695 4226 hist.
715 4169 826 4225 XXXVl
848 4174 894 4235 12;
913 4170 1034 4227 XXXVll
1053 4178 1094 4229 24.

365 4355 379 4394 ⁵
409 4355 442 4411 ci.
462 4353 480 4409 li
500 4358 524 4408 2.
543 4353 579 4406 86
598 4364 654 4418 sq.;
674 4348 738 4413 Vl,
760 4353 812 4404 223
831 4363 872 4418 sq.
910 4349 1048 4408 Paus.Vll
1071 4359 1111 4409 17.
1148 4353 1207 4410 Cat.
1228 4352 1318 4409 Carm.
1338 4352 1413 4408 LXlll
1432 4358 1457 4408 7.

366 4444 379 4484 θ
411 4445 444 4502 ci.
464 4445 472 4498 1
492 4450 517 4509 2,
538 4446 649 4510 148sq.

378 3997 389 4064 l

379 4085 389 4151 l

379 4175 389 4242 )

365 4263 390 4334 ⁴)
409 4262 444 4320 ci.
464 4263 526 4318 lsid.
547 4261 589 4316 De
611 4260 667 4316 nat.
688 4258 861 4316 rer.XV15.

379 4358 391 4424 )

379 4447 391 4516 )

368 4532 391 4605 i)
412 4533 444 4591 ci.
462 4537 474 4602 1
496 4541 519 4601 l,
538 4539 581 4590 41.
620 4531 702 4586 llon.
723 4549 745 4590 α
763 4530 820 4584 184.
