3500 4868
725 111 946 172 ,44-

302 301 509 394 Lyricum
539 323 724 379 carmen
753 305 811 379 ad
840 302 1114 396 Septimium
1143 303 1377 380 Severum.

786 444 890 513 ivs.
955 528 957 532 ¹

437 567 537 636 Parvi
561 567 712 654 beatus¹)
738 569 826 637 ruris
851 567 1069 653 bonoribus²)

436 693 504 761 qua
528 675 640 761 prisca
663 675 814 744 Teucros
838 675 925 743 Alba
948 675 1027 743 colit
1049 676 1148 754 lares,

435 781 556 851 fortem
582 784 682 870 atque
705 781 890 851 facundum
914 780 1083 851 Severum

543 906 611 957 non
635 889 743 958 solitis
767 888 892 958 fidibus
915 890 1037 958 saluto.

435 1067 505 1156 lanr
529 1071 605 1136 trux
630 1069 673 1135 ad
698 1068 818 1136 Arctos
843 1067 1044 1136 Parrhasias
1067 1068 1178 1136 niens

437 1172 636 1259 concessio)
661 1176 739 1243 altis
762 1174 884 1244 obruta
907 1174 1048 1252 solibus,

437 1282 504 1349 iarn
530 1285 654 1367 ponfus
678 1300 718 1350 ac
740 1282 840 1350 tellus
865 1280 1049 1366 renident⁴)

544 1390 577 1456 in
602 1387 777 1475 Zephyros
801 1389 968 1475 Aquilone
992 1387 1105 1456 fracto.

437 1567 537 1636 Nunc
559 1569 680 1635 cuncta
702 1568 792 1635 veris
815 1567 993 1636 frondibus
1016 1567 1139 1635 annuis

437 1674 575 1742 crinitur
597 1673 710 1752 arbos,
734 1691 826 1742 nunc
848 1674 1026 1743 volucrum
1051 1674 1130 1742 novi

437 1784 577 1868 questus
601 1782 882 1867 inexpertumque
906 1799 1054 1858 carmen,

543 1888 635 1974 quod
659 1888 760 1956 tacita
783 1890 931 1956 statuere
955 1887 1086 1956 bruma.

438 2065 510 2134 Nos
535 2084 638 2151 parca
661 2066 761 2135 tellus
785 2065 928 2152 pervigil
953 2069 986 2134 et
1008 2063 1139 2150 focus⁵)

437 2173 640 2259 culmenque
664 2174 771 2241 multo
795 2173 924 2240 lumine
948 2173 1125 2241 sordidum

437 2280 591 2348 solantur
613 2282 861 2365 exemptusque
884 2282 981 2356 testa,

543 2405 646 2472 quom
671 2387 775 2456 modo
799 2386 979 2464 ferbuerat,
1004 2387 1145 2473 Lyaeus.

436 2565 515 2632 Non
539 2565 631 2632 mille
653 2563 801 2650 balanti)
828 2565 970 2651 lanigeri
994 2581 1131 2652 greges,

438 2689 500 2739 nec
522 2690 628 2740 vacca
651 2672 739 2739 dulci
765 2672 876 2759 mugit
899 2667 1097 2756 adulter0²)‚

440 2778 566 2865 unique
591 2779 759 2865 siquando
784 2779 915 2847 canenti

544 2889 659 2954 nrutus
683 2903 766 2973 ager
790 2883 964 2970 dominossl
990 2885 1162 2953 reclamat.

436 3060 504 3131 Sed
528 3067 618 3132 ferra
641 3065 759 3150 primis
783 3067 858 3150 post
883 3064 1026 3150 patriam
1051 3063 1133 3130 milri

438 3171 560 3239 dilecta
582 3173 687 3248 curis:
712 3172 767 3239 hic
790 3189 868 3239 mea
892 3171 1045 3238 carmina

438 3277 558 3370 regina
581 3277 748 3346 bellorum
773 3278 894 3365 virago

544 3382 714 3453 Caesareo
739 3387 927 3469 peramavit
951 3403 1046 3462 auro,

436 3580 514 3631 curn
539 3565 574 3630 tu
600 3562 728 3630 sodalis
751 3563 849 3630 dulce
873 3563 1060 3648 periculum

436 3670 574 3737 conisus
598 3670 691 3737 onini
717 3673 850 3754 pectore
874 3670 1019 3754 tolleres,

275 3852 1075 3936 dumeAEQMMMQafflffl

273 3952 966 4030 ²)clllonCanndlllrhSssafllb13.¹

274 4042 297 4113 ⁸)
316 4044 349 4100 cf.
369 4044 455 4100 Theb.
469 4043 512 4101 Vll
531 4047 590 4100 286.

274 4131 593 4203 ἣάΜΗΜη

274 4221 299 4290 ⁵)
319 4223 351 4278 cf.
371 4223 424 4288 12,
444 4227 505 4278 225.
540 4223 626 4279 Theb.
647 4223 673 4277 lll
693 4227 757 4288 740;
786 4222 838 4278 lllll
858 4223 918 4277 266.

275 4308 299 4381 ⁶)
318 4313 375 4366 scil.
396 4312 469 4366 mihi.

275 4397 818 4469 mmmssmmsslm

276 4487 298 4556 ⁸)
319 4488 351 4543 cf.
371 4488 378 4540 l
398 4493 424 4552 2,
443 4492 495 4542 222
515 4502 573 4557 sqq.
