3500 4868
796 72 1017 133 ..31-

399 262 537 349 lamque
561 265 593 331 et
616 261 817 350 belligerum
841 262 911 330 lani
936 280 1059 330 nemus
1083 263 1223 348 atraque
1248 259 1360 346 Caci¹)

400 386 479 437 rura
503 367 766 457 Quirinalesque
788 368 873 456 iuga
896 387 1065 455 suspensa
1088 386 1148 455 per
1171 384 1277 453 agros

401 475 536 546 Coelica
559 477 646 545 tecta
669 475 774 554 subit;
798 476 842 544 ibi
868 477 1007 546 demum
1031 475 1119 544 victa
1143 475 1269 552 labore,

399 583 493 651 fessa
516 586 618 661 metu,
643 602 711 671 qua
733 602 825 652 nunc
848 575 971 670 placidi
996 583 1149 652 hteiioris
1172 583 1278 667 aperti

400 694 490 758 stant
514 691 588 760 sine
611 691 731 758 fraude
754 691 854 769 lares,
877 690 990 759 flavos
1013 690 1149 777 collegit
1173 689 1318 758 amictus

402 799 507 866 artius
532 801 565 866 et
588 799 708 866 niveae
732 799 847 885 posuit
869 813 907 868 se
931 797 1087 885 margine
1112 797 1214 883 ripae.

401 905 592 993 Insequitur
615 906 716 974 velox
740 923 902 993 pecorum
927 906 1014 973 deus
1037 908 1071 974 et
1093 923 1158 974 sua
1180 904 1285 973 credit

401 1012 565 1090 conubia;
589 1013 719 1080 ardenti
744 1013 884 1080 iamiam
909 1012 1056 1097 suspiria
1080 1011 1180 1079 librat

402 1123 547 1204 pectore,
572 1119 640 1187 iam
665 1119 812 1204 praedae
835 1120 919 1188 levis
945 1119 1108 1187 imminet.
1134 1135 1212 1187 ecce
1236 1119 1355 1187 citatos

402 1226 545 1295 advertit
567 1224 679 1295 Diana
701 1227 840 1313 gradus,
867 1227 948 1294 dum
973 1244 1033 1312 per
1056 1227 1140 1313 iuga
1163 1227 1292 1310 septem

403 1336 491 1400 errat
513 1332 769 1421 Aventinaeque
793 1333 876 1421 legit
898 1333 1045 1420 vestigia
1068 1350 1198 1401 cervae.

403 1437 571 1508 Poenituit
593 1440 719 1509 vidisse
744 1441 855 1519 deam,
880 1458 1114 1527 conversaque
1136 1439 1224 1510 iidas

403 1546 445 1614 ad
470 1547 626 1616 comites:
654 1548 907 1635 „Nunquamne
931 1549 1040 1618 avidis
1064 1547 1186 1617 arcebo
1211 1547 1339 1634 rapinis

403 1655 467 1721 hoc
490 1656 646 1740 petulans
667 1655 876 1743 foedumque
900 1673 1015 1741 pecus,
1040 1673 1244 1743 semperque
1268 1654 1380 1740 pudici

402 1761 574 1830 decrescet
598 1762 681 1830 mihi
704 1762 805 1831 turba
828 1763 967 1830 chori?“
993 1763 1043 1830 sic
1066 1762 1189 1830 deinde
1212 1762 1325 1830 locuta

402 1868 571 1954 depromit
594 1871 753 1955 pharetra
775 1869 880 1938 telum
905 1870 1019 1948 breve,
1044 1870 1136 1957 quod
1159 1886 1270 1956 neque
1294 1867 1394 1936 ilexis

402 1975 563 2044 cornibus
587 1979 646 2045 aut
668 1977 768 2045 solito
791 1975 957 2064 torquet2)
983 1977 1136 2054 stridore,
1160 1975 1221 2045 sed
1246 1993 1315 2044 una

403 2083 515 2150 emisit
539 2087 696 2152 contenta
720 2102 825 2152 manu
850 2085 984 2172 levique
1008 2102 1168 2171 soporem

403 2189 533 2258 Naidos
556 2207 698 2259 aversae
722 2190 826 2260 fertur
849 2193 1002 2280 tetigisse
1026 2191 1159 2278 sagitta.

401 2296 460 2363 illa
484 2297 574 2365 diem
599 2299 725 2382 pariter-
746 2317 894 2386 surgens
917 2301 1120 2385 hostemque
1144 2301 1338 2383 protervum

401 2404 493 2472 videt
517 2405 548 2472 et
572 2404 606 2471 in
630 2403 770 2483 iontem,
795 2407 914 2474 niveos
938 2425 981 2474 ne
1005 2406 1168 2491 panderet
1191 2407 1295 2482 artus,

402 2511 450 2578 sic
473 2513 543 2578 tota
566 2528 643 2579 cum
669 2516 762 2581 veste
787 2514 852 2581 ruit
874 2514 1074 2600 stagnisque
1098 2511 1163 2581 sub
1187 2511 1264 2579 altis

403 2616 498 2685 Pana
521 2620 617 2706 sequi
643 2620 785 2688 credens
809 2620 879 2687 ima
903 2621 992 2688 latus
1016 2620 1165 2706 implicat
1189 2618 1279 2704 alga.

403 2726 494 2812 Quid
518 2726 643 2794 iaceret
666 2727 779 2796 subito
802 2728 963 2813 deceptus
987 2728 1139 2813 praedo?
1163 2743 1226 2794 nec
1249 2725 1326 2793 altis

402 2835 538 2902 credere
563 2852 687 2920 corpus
712 2835 811 2922 aquis
835 2836 942 2902 hirtae
966 2834 1030 2903 sibi
1054 2833 1213 2902 conscius
1237 2832 1341 2900 audet

403 2942 500 3026 pellis
524 2944 556 3010 et
579 2959 600 3008 a
623 2944 740 3009 tenero
765 2941 868 3009 nandi
894 2939 1031 3026 rudis5).
1057 2941 1174 3010 omnia
1196 2940 1347 3028 questus,

404 3048 569 3116 immitem
595 3048 782 3126 Bromium,
807 3050 932 3135 stagna
954 3049 1071 3117 invida
1093 3051 1126 3116 et
1148 3047 1264 3116 invida
1286 3046 1363 3122 tela,

403 3156 614 3239 primaevam
638 3155 713 3223 visu
739 3155 924 3240 platanum,
949 3155 1002 3222 cui
1026 3156 1132 3242 longa
1155 3170 1310 3240 propago

404 3261 670 3349 innumeraeque
694 3280 818 3330 manus
842 3265 875 3330 et
899 3263 1006 3330 iturus
1029 3263 1064 3329 in
1087 3263 1226 3330 aethera
1248 3261 1374 3336 vertex,

404 3367 560 3451 deposuit
583 3369 677 3438 iuxta
699 3369 882 3458 vivamque
906 3369 1059 3456 adgessit
1081 3369 1245 3437 harenam

404 3475 593 3561 optatisque
617 3475 790 3562 adspergit
814 3477 912 3563 aquis
937 3479 968 3543 ct
991 3476 1072 3543 talia
1095 3473 1250 3542 mandat:

275 3609 278 3615 ·
407 3579 511 3658 „Vive
536 3581 592 3648 diu
617 3583 722 3650 nostri
747 3583 872 3669 pignus
897 3580 1151 3667 memorabile⁴)
1176 3581 1256 3658 voti,

405 3686 516 3765 arbor,
540 3691 573 3756 et
597 3689 681 3756 haec
705 3688 809 3756 durae
833 3688 1003 3757 latebrosa
1027 3687 1149 3756 cubilia
1166 3687 1337 3773 nymphae

403 3796 439 3861 tu
464 3795 585 3863 saltem
610 3795 752 3862 declinis
775 3812 868 3862 ama:
893 3813 1010 3880 preme
1032 3793 1209 3864 frondibus
1234 3793 1377 3860 undam!

404 3901 464 3968 llla
486 3902 623 3988 quidem
648 3903 780 3980 meruit,
805 3902 865 3971 sed
890 3920 942 3981 ne,
967 3919 1095 3988 precor,
1121 3901 1200 3988 igne
1224 3917 1372 3986 superno

404 4010 535 4076 aestuet
558 4012 617 4077 aut
640 4009 725 4076 dura
746 4006 885 4077 feriatur
908 4009 1090 4096 grandine;
1114 4009 1245 4076 tantum

352 4188 373 4257 1)
392 4187 425 4243 ci.
445 4185 520 4257 Virg.
540 4186 610 4242 Aen.
625 4185 679 4241 Vlll
701 4191 759 4245 199.
796 4184 850 4243 Ov.
871 4187 944 4242 Fast.
964 4186 1051 4241 1551.

350 4275 866 4348 2)ο1.11113.Αεη.11497;1(1518.
904 4274 958 4331 Ov.
979 4275 1021 4331 Ex
1039 4275 1069 4332 P.
1088 4275 1106 4331 ll
1124 4280 1149 4346 9,
1169 4281 1217 4340 57;
1235 4276 1302 4331 Met.
1321 4273 1364 4329 Xll
1382 4279 1425 4333 99.

351 4368 374 4437 8)
393 4366 427 4422 ci.
448 4366 553 4422 huson.
592 4363 645 4436 Op.
665 4365 689 4419 X
711 4370 769 4422 183.

352 4453 563 4526 ⁴)ci.ll,67.
600 4454 628 4510 111
647 4460 672 4520 5,
691 4460 734 4513 98.
