3500 4868
723 131 944 194 -58-

408 365 412 374 -
469 317 656 388 Bulborum
680 321 837 394 tunicae?
863 338 925 392 uec
948 338 1015 390 ova
1038 321 1169 388 tantum

468 443 531 494 nec
554 426 649 495 lenes
674 428 803 496 halicae
827 445 891 496 nec
914 445 1074 513 asperum
1098 425 1174 492 lar?

469 550 639 620 nusquam
665 531 841 620 Cinyphiis
864 535 990 620 vagata
1014 533 1145 618 campis

469 657 650 707 curvarum
675 640 799 709 domus
824 641 892 708 uda
916 641 1132 708 coclearum?

468 765 537 816 non
561 747 695 815 lardum
719 766 826 835 grave
852 746 1015 816 debilisve
1039 752 1170 832 perna?

468 872 536 923 non
562 853 770 940 Lucanica¹)‚
796 874 864 923 non
889 872 1017 942 graves
1043 850 1231 937 Phaliscill,

470 979 539 1029 non
564 963 614 1030 sal
640 980 875 1050 oxyporumve
899 979 1075 1038 caseusve‚

468 1072 525 1136 aut
549 1087 655 1154 panes
680 1070 853 1138 nitidanhs
877 1069 1074 1156 aphronitri,

468 1176 522 1243 vel
547 1193 687 1262 passum
713 1176 846 1262 psithiis
870 1176 942 1244 suis
968 1179 1149 1252 recoctum,

468 1283 556 1351 dulci
581 1281 712 1351 defruta
736 1284 789 1351 vel
814 1284 925 1351 lutosa
950 1289 1081 1350 caeno?

470 1389 645 1475 Quantum
671 1409 737 1458 nec
758 1390 838 1458 dare
863 1408 980 1458 cereos
1004 1391 1145 1466 olentes,

470 1497 640 1564 cultellum
665 1500 827 1565 tenuesve
851 1497 1039 1566 codicillos!

470 1605 603 1682 ollares,
629 1622 725 1691 rogo,
750 1623 818 1672 non
843 1605 964 1673 licebat
988 1623 1083 1681 uvas,

469 1709 627 1781 Cumano
652 1714 786 1796 patinas
811 1713 844 1778 in
869 1712 952 1780 orbe
975 1715 1083 1780 tortas

471 1822 530 1887 aut
554 1837 657 1886 unam
683 1820 764 1887 dare
789 1819 964 1905 synthesin
990 1819 1083 1906 (quid
1109 1819 1265 1902 horresl)

470 1966 511 1974 -
539 1927 693 1996 alborum
718 1927 860 1994 calicum
887 1929 987 2014 atque
1011 1925 1261 1994 caccaborum?

470 2034 531 2102 sed
555 2037 647 2101 certa
669 2035 761 2101 velut
785 2051 916 2120 aequus
941 2034 974 2100 in
999 2035 1124 2102 statera

470 2141 516 2207 nil
542 2142 665 2217 mutas,
690 2141 750 2209 sed
776 2141 865 2209 idem
892 2142 974 2210 mihi
999 2140 1165 2227 rependis

474 2227 566 2332 led
591 2248 629 2326 si,
655 2266 732 2315 cum
757 2249 843 2317 bene
868 2267 969 2317 mane
993 2248 1205 2316 semicrudus

471 2355 609 2423 inlatam
633 2354 692 2422 tibi
717 2354 835 2422 dixero
860 2355 1017 2432 salutem,

385 2511 388 2516 n
472 2464 504 2529 et
527 2464 562 2529 lu
588 2480 642 2528 me
667 2461 797 2529 vicibus
822 2463 914 2530 domi
939 2463 1092 2530 salutes?

473 2571 531 2636 aut
554 2587 631 2636 cum
657 2586 711 2634 me
736 2568 823 2654 dape
848 2570 973 2637 iuveris
997 2569 1122 2654 opima,

471 2681 648 2762 exspectes
672 2675 801 2743 similes
825 2681 856 2745 et
880 2678 953 2763 ipse
976 2681 1102 2744 cenas?

474 2785 602 2854 irascor
624 2786 694 2862 tibi,
720 2782 844 2872 Grype.
870 2785 930 2853 sed
955 2783 1099 2860 valebis;

472 2893 602 2959 tantum
629 2910 684 2959 me
708 2892 802 2970 mihi,
828 2891 919 2978 quod
944 2892 1036 2960 soles
1061 2890 1178 2975 lepori,

475 3001 507 3066 et
530 3017 620 3066 nunc
644 2998 950 3084 hendecasyllabos
974 2999 1140 3065 remittas!

470 3427 697 3505 Elisilbler
724 3449 784 3503 an
814 3427 985 3504 Plotius
1016 3425 1206 3524 Grypus.

431 3565 552 3637 Sicher
576 3569 679 3637 isles
703 3569 757 3635 ein
781 3565 917 3646 Schera
943 3587 963 3636 o
988 3565 1135 3654 Grypus
1160 3568 1242 3635 dass
1267 3567 1312 3633 du

329 3676 460 3744 lurein
485 3675 649 3744 Birchlein
674 3677 728 3742 ein
753 3675 915 3743 Biichlein
940 3675 1004 3742 mir
1027 3675 1174 3762 gesandt
1198 3675 1285 3741 hast.

332 3781 545 3852 (lleichwohl
569 3781 679 3850 diuite
704 3783 755 3851 als
777 3781 884 3849 leiner
909 3781 984 3869 Zug
1007 3801 1045 3850 es
1068 3784 1193 3869 gehen,

330 3890 475 3959 wolltest
499 3892 544 3958 du
569 3891 633 3958 mir
658 3891 805 3958 hernach
832 3890 886 3956 ein
911 3874 1020 3958 bores
1044 3889 1219 3966 schicken;

332 3998 421 4066 denn
446 3998 560 4068 solem
585 3998 630 4065 du
655 4016 697 4064 zu
721 3998 859 4065 tandein
883 3996 1066 4073 lortliihrst
1091 3994 1239 4082 Grypus,

331 4104 452 4173 bleihts
476 4104 554 4172 kein
579 4103 741 4172 Tandem.
789 4103 951 4171 Wohlanl
976 4103 1046 4170 lass
1071 4120 1135 4169 uns
1159 4101 1388 4187 vergleichen.

332 4211 475 4288 Meinas,
501 4228 651 4295 purpurn
675 4209 808 4298 gefirbt
833 4210 901 4276 und
926 4208 1028 4277 irisch
1053 4208 1278 4294 geschrieben

280 4420 301 4488 ¹)
319 4421 353 4476 cl.
374 4421 451 4476 Mart
472 4423 563 4492 Epigr.
583 4422 697 4477 1111135.

279 4507 301 4574 ²)
320 4508 354 4563 ci.
368 4509 464 4573 Varro,
479 4509 519 4564 De
532 4510 596 4580 ling.
610 4511 668 4566 Lat.
682 4511 716 4566 lV
729 4516 771 4566 22.
799 4512 879 4568 Mart.
892 4511 983 4582 Epigr.
996 4511 1031 4566 lV
1044 4513 1088 4576 46,
1100 4516 1125 4565 8.
1164 4511 1217 4566 Ov.
1231 4513 1293 4568 Am.
1307 4513 1333 4566 lll
1350 4517 1390 4577 13,
1404 4519 1435 4566 14
1448 4527 1509 4582 sqq.
