3500 4868
733 151 955 217 ...56-

180 337 310 416 „cerei
346 337 527 407 olentes“
565 344 597 408 et
635 342 879 419 „cultellus“
916 345 1093 430 aptissima
1128 361 1188 430 per
1215 362 1253 413 se
1282 345 1373 414 dona
1401 347 1510 412 satur-

178 443 338 530 nalicia.¹)
392 442 573 514 cultellum
609 452 783 534 praeterea
819 469 887 520 uno
923 452 1020 538 quasi
1055 454 1172 520 tenore
1192 452 1451 537 *amplectuntur
1476 453 1511 518 et

181 550 335 628 „cerei“
366 553 398 619 et
429 554 669 632 „codicilli.“
1371 573 1376 581 ·

285 766 315 813 ν.
341 753 398 816 43;
438 749 500 830 „in
533 750 663 820 orbe“.
720 752 864 833 „Orbis“
895 755 985 825 idem
1013 757 1064 824 est
1093 772 1133 822 ac
1161 757 1264 840 rota2)
1288 753 1433 843 tigulina
1456 754 1509 821 vel

179 851 316 922 officina
339 855 415 940 ipsa
436 854 589 944 figulina.
637 858 760 928 Totum
785 861 861 932 ideo
892 863 946 930 bic
969 861 1117 938 vertitur,
1149 880 1217 948 quo
1247 862 1280 928 in
1309 862 1412 939 loco,
1441 878 1511 929 non

179 977 247 1045 quo
272 961 389 1031 modo
414 965 548 1048 patinae
571 964 680 1033 tactae
703 968 780 1036 sint.

286 1176 317 1224 v.
343 1164 399 1225 44:
440 1156 638 1247 „Synthesis
670 1166 702 1230 et
737 1182 799 1232 vas
832 1163 933 1233 tictile
968 1163 1138 1251 significat
1172 1168 1205 1233 et
1238 1167 1368 1234 vestem
1404 1167 1512 1232 satur-

181 1263 350 1332 naliciam.
388 1264 621 1353 Ambiguitate
638 1269 739 1356 igitur
755 1271 848 1338 verbi
865 1271 949 1339 ludit
962 1269 1139 1357 Papinius;
1152 1289 1232 1339 nam
1246 1289 1324 1340 cum
1336 1271 1513 1357 synthesin

182 1370 341 1454 petiisset,
366 1374 463 1458 quasi
489 1374 543 1442 ille
567 1375 720 1445 offensus
745 1380 835 1446 esset
862 1378 1098 1464 magnitudine
1126 1378 1278 1447 muneris
1301 1381 1431 1446 vestem
1465 1379 1514 1445 in-

180 1476 348 1563 telligens,
389 1480 588 1566 interposuit
613 1473 703 1570 ⁶quid
729 1484 893 1562 bonosi,
918 1485 1016 1571 quasi
1046 1485 1147 1552 dicat:
1177 1487 1307 1554 vestem
1338 1503 1407 1553 non
1436 1489 1513 1572 peto

180 1586 367 1669 synthesin,
397 1588 458 1656 sed
481 1607 544 1656 vas
568 1588 677 1667 iictile‚
707 1589 850 1660 calicum
882 1595 940 1660 aut
970 1590 1192 1660 caccaborum
1222 1630 1266 1640 -
1294 1591 1516 1677 Kochtbpteffi

182 1689 374 1776 (Domitius.
400 1693 440 1761 cl.
466 1696 567 1763 etiam
591 1696 750 1783 Markld.)

289 1909 316 1956 et
342 1909 372 1957 v.
399 1897 455 1958 54:

398 2000 574 2075 „tantum
604 2001 801 2080 memini,
832 2003 936 2089 quod
965 2002 1074 2072 soles
1102 2002 1274 2087 lepori.“¹

185 2101 380 2172 Defendens
404 2104 637 2201 Matritensem
661 2109 851 2187 ostendam,
877 2108 1071 2196 quaemihi
1096 2106 1336 2186 succurrerint
1361 2110 1514 2194 persuasi

184 2210 265 2277 milii
305 2207 450 2280 Statium
484 2214 597 2282 verbis
635 2217 728 2296 „sed
764 2215 938 2293 valebis;
977 2219 1131 2285 tantum
1168 2235 1228 2284 me
1263 2217 1374 2294 mihi,
1411 2216 1515 2302 quod

183 2319 290 2386 soles
335 2319 489 2405 lepori“
542 2321 904 2409 hendecasyllaborum
945 2324 1169 2409 improvisum
1209 2323 1515 2409 necopinatumque

183 2422 288 2492 tinem
323 2425 435 2494 facere
469 2428 630 2506 voluisse,
667 2448 736 2516 quo
771 2431 884 2517 magis
920 2429 1032 2498 subito
1067 2447 1226 2499 sermone
1261 2430 1367 2498 inciso
1403 2431 1517 2497 essent

184 2531 355 2609 efficaces:
390 2534 513 2603 idcirca
537 2535 630 2603 dicit:
666 2533 767 2616 „Sed
795 2538 967 2614 valebis;
996 2539 1148 2605 tantum
1178 2536 1298 2621 (sinas)
1331 2555 1391 2604 me
1419 2535 1516 2603 mihi

185 2640 324 2720 (babere
340 2642 394 2708 vel
412 2643 567 2729 mittere),
585 2644 689 2729 quod
714 2643 747 2726 (i.
765 2662 794 2712 e.
813 2641 1009 2731 quarunt)
1027 2644 1155 2729 lepori
1173 2645 1264 2728 (meo
1280 2645 1334 2711 vel
1359 2643 1516 2725 aliorum)

184 2749 296 2817 soles
321 2748 521 2835 (obsequi).“
570 2748 844 2837 Breviloquentia
868 2751 971 2838 igitur
1001 2752 1113 2837 pateat
1137 2753 1257 2837 poetae
1284 2749 1371 2818 bene
1400 2768 1517 2818 conce-

186 2856 312 2923 dendal
360 2855 454 2924 Haec
478 2875 557 2924 mea
580 2857 807 2944 interpretatio
831 2877 873 2927 eo
897 2859 1047 2926 maxime
1071 2858 1244 2943 praestare
1268 2857 1409 2934 videtur,
1427 2857 1517 2958 qyod

185 2963 354 3048 applicata
378 2964 420 3030 ad
444 2964 567 3032 librum
593 2984 696 3033 manu
722 2967 882 3052 scriptum
907 2983 970 3034 nec
993 2967 1161 3051 repugnat
1185 2964 1355 3032 contextui
1383 2966 1517 3032 senten-

183 3070 319 3148 tiarum,
355 3088 465 3157 neque
501 3072 707 3140 circumcidit
742 3073 834 3141 sales
873 3071 1119 3141 saturnalicios.
1179 3070 1370 3141 lmmovero
1409 3071 1518 3138 acrior

185 3177 298 3245 evadit
319 3177 461 3247 forsitan
486 3180 595 3247 aciesl'

289 3286 343 3353 An
382 3286 556 3364 „desinit“,
597 3290 632 3354 ut
671 3286 716 3355 ait
745 3284 906 3365 Ovidius,
952 3287 1006 3367 „in
1042 3286 1169 3372 piscem
1206 3285 1329 3352 mulier
1366 3284 1520 3354 formosa

185 3399 380 3479 supernei“
429 3393 564 3479 Quibus
587 3393 688 3462 oflicii
706 3394 963 3480 quodammodo
987 3411 1093 3462 causa
1108 3394 1205 3462 dictis
1221 3389 1349 3461 Statius
1365 3389 1518 3478 Grypum

185 3502 326 3570 maion's
341 3502 473 3589 gradus
494 3498 685 3587 iuvenem⁴)
703 3501 913 3570 adhortatur:
942 3505 998 3580 „et
1021 3519 1125 3569 nunc
1149 3497 1520 3586 hendecasyllabos

185 3609 406 3677 remittasi“
433 3626 474 3677 eo
499 3609 659 3677 nimirum
684 3609 837 3686 consilio,
862 3628 905 3677 ne
928 3609 1024 3676 iteret
1047 3625 1178 3686 versus,
1203 3625 1280 3675 cum
1305 3604 1427 3673 librum
1453 3607 1519 3672 iam

185 3716 364 3784 iteraverit.

293 4266 316 4337 1)
337 4267 434 4323 Friedl.
452 4266 528 4325 s-o.
548 4251 575 4323 1‘5
593 4284 655 4340 pag.
674 4273 735 4325 34⁶.

295 4357 318 4424 2)
338 4355 371 4411 ct.
391 4356 458 4411 lior.
477 4356 514 4412 Α.
532 4373 558 4426 ρ.
578 4362 620 4412 22.
657 4357 763 4425 Marcu.
783 4357 826 4413 Pr.
846 4359 874 4412 L.
895 4359 957 4422 bol,
977 4361 1002 4412 2.

295 4444 318 4512 ὃ)
337 4442 371 4498 ci.
390 4443 508 4510 Ellendt,
527 4446 584 4500 Lat
605 4445 726 4502 (iramm
764 4448 780 4514 ς
800 4451 835 4502 34
854 4448 917 4503 adn.
936 4451 961 4500 3.

295 4528 318 4596 ⁴)
338 4531 370 4586 ci.
390 4532 427 4588 lV
446 4532 530 4603 praet.
550 4538 592 4590 29.
