3500 4868
762 65 985 124 ..17-

364 273 433 323 non
458 258 599 323 externa
622 253 685 324 sibi
709 253 895 321 fluviorum
920 251 1057 322 obstare
1080 253 1281 339 queruntur:

365 359 538 440 Sestiacos
562 378 654 428 nunc
675 359 769 428 tama
792 361 889 428 sinus
912 359 1125 446 pelagusque
1148 359 1300 426 natatum

366 469 464 537 iactet
488 470 520 537 et
544 467 664 536 audaci
687 468 797 536 victos
820 466 999 554 delphinas
1023 466 1171 552 ephebo!

367 574 432 644 Hic
454 577 593 644 aeterna
616 575 725 662 quies,
750 574 852 643 nullis
876 574 931 642 iric
954 573 1028 641 iura
1051 573 1207 660 procellis

367 700 544 770 nunquam
568 681 681 751 tervor
704 682 812 768 aquis.
839 682 938 749 datur
961 682 1015 749 hic
1037 681 1265 750 transmittere
1288 680 1384 748 visus

367 793 399 858 et
421 808 526 859 voces
549 792 582 858 et
605 807 714 875 paene
738 806 871 858 manus.
897 789 946 858 sic
971 786 1133 858 Chalcida
1155 787 1279 855 fluctus

367 896 540 983 expellunt
562 895 672 972 tiuvii;
697 895 747 964 sic
769 895 953 965 dissociata
961 893 986 982 1)
1011 894 1180 982 protundo

366 1003 497 1072 Bruttia
520 1001 694 1072 Sicanium
719 1002 946 1088 circumspicit
969 1021 1030 1070 ora
1054 1001 1224 1071 Pelorum.

369 1109 461 1196 Quid
486 1112 633 1196 primum
659 1111 853 1179 mediumve
878 1128 1012 1188 canam,
1036 1128 1105 1197 quo
1127 1108 1196 1176 tine
1220 1109 1421 1195 quiescam?

368 1220 550 1286 auratasne
573 1217 687 1286 trabes
710 1235 755 1285 an
778 1216 922 1286 Mauros
945 1216 1096 1304 undique
1120 1217 1227 1302 postis

369 1343 413 1392 an
436 1322 635 1410 picturata2)
660 1324 806 1392 lucentia
830 1341 1005 1392 marmora
1028 1341 1116 1391 vena

370 1431 473 1500 mirer
496 1451 540 1500 an
564 1433 710 1500 emissas
734 1449 795 1516 per
818 1433 938 1499 cuncta
961 1430 1086 1498 cubilia
1110 1432 1306 1516 nymphas?

369 1538 446 1607 iiuc
469 1539 587 1617 oculis,
612 1540 680 1606 buc
703 1539 816 1606 mente
838 1538 964 1606 trahor.
988 1536 1182 1605 venerabile
1207 1537 1317 1605 dicam

368 1647 522 1715 lucorum
548 1647 707 1714 senium?
732 1647 775 1723 te,
799 1661 888 1731 quae
911 1644 1001 1712 vada
1023 1643 1175 1712 fluminis
1199 1643 1286 1711 intra

370 1755 489 1832 cernis,
513 1773 557 1822 an
581 1754 625 1820 ad
649 1752 754 1820 silvas
777 1769 866 1839 quae
890 1751 1040 1837 respicis,
1065 1753 1154 1829 aula,
1177 1752 1329 1830 tacentis,

370 1878 438 1947 qua
461 1859 520 1927 tibi
543 1862 614 1928 tota
637 1860 735 1947 quies
759 1857 959 1944 offensaque
982 1857 1116 1926 turbine
1140 1859 1233 1926 nullo

371 1985 439 2035 nox
464 1967 539 2034 silet
562 1969 595 2035 et
618 1967 737 2053 nigros
761 1965 929 2033 imitantia
951 1961 1128 2032 murmura
1151 1971 1318 2033 somnos?

371 2091 416 2142 an
439 2090 528 2160 quae
550 2074 730 2160 graminea
753 2074 913 2158 suscepta
935 2073 1106 2158 crepidine
1115 2069 1141 2157 Β)
1166 2071 1298 2140 fumant

372 2180 495 2247 balnea
517 2181 550 2247 et
572 2180 772 2265 impositum
795 2179 878 2266 ripis
903 2178 1097 2265 algentibus
1120 2179 1262 2266 ignem?

371 2304 506 2372 quaque
529 2285 732 2372 vaporiferis
756 2286 891 2354 iunctus
915 2285 1111 2354 fornacibus
1133 2285 1256 2353 Amnis

372 2393 456 2461 ridet
480 2393 712 2488 anhelantes4)
736 2394 848 2462 vicino
872 2392 1015 2460 flumine
1041 2392 1244 2478 Nymphas?

372 2500 448 2567 Vidi
473 2504 562 2568 artes
585 2504 807 2585 veterumque
831 2518 956 2568 manus
978 2500 1150 2586 variisque
1174 2501 1311 2568 metalla

371 2609 450 2675 viva
474 2608 594 2676 modis.
619 2607 716 2675 labor
739 2611 790 2676 est
813 2607 886 2675 auri
911 2624 1103 2676 memorare
1125 2605 1258 2692 figuras

373 2718 430 2784 aut
454 2716 539 2783 ebur
561 2717 619 2782 aut
642 2714 766 2801 dignas
790 2714 905 2800 digitis
929 2715 1126 2800 contingere
1149 2729 1325 2798 gemmas:

372 2821 535 2909 quidquid
560 2825 592 2889 et
615 2821 791 2908 argento⁶)
816 2821 963 2907 primum
988 2821 1041 2887 vel
1067 2820 1101 2887 in
1125 2837 1204 2886 aere
1228 2819 1350 2887 minori

373 2929 453 2998 lusit
476 2931 508 2997 et
531 2946 690 2998 enormes
714 2946 839 2997 manus
861 2929 912 2995 est
936 2929 1075 3013 experta
1098 2928 1263 2995 colossos.

373 3035 463 3104 Dum
488 3053 599 3123 vagor
623 3036 784 3120 adspectu
808 3035 972 3121 visusque
996 3052 1056 3120 per
1079 3033 1195 3102 omnia
1220 3035 1317 3110 duco,

373 3143 546 3212 calcabam
572 3143 759 3226 necopinus
783 3160 881 3227 0pes;
906 3160 986 3208 nam
1012 3141 1173 3226 splendor
1197 3140 1239 3207 ab
1264 3140 1333 3208 aito

374 3249 508 3318 defluus
531 3254 564 3318 et
587 3250 730 3318 nitidum
755 3246 938 3317 referentes
962 3266 1043 3315 aera
1066 3250 1173 3315 testae

375 3359 608 3425 monstravere
632 3356 757 3434 solum,
781 3355 895 3424 varias
920 3354 978 3422 ubi
1002 3355 1090 3440 picta
1113 3373 1174 3441 per
1197 3356 1288 3422 artes

373 3467 502 3552 gaudet
525 3461 683 3548 homost)
708 3463 914 3549 superatque
937 3461 1037 3530 novis
1061 3463 1197 3529 asarota
1219 3458 1351 3546 figuris.

373 3569 551 3657 Expavere
573 3570 714 3657 gradus.
739 3569 819 3655 quid
839 3587 930 3635 nunc
952 3567 1129 3655 iungentia
1153 3567 1256 3635 mirer

374 3680 432 3747 aut
455 3676 535 3764 quid
559 3676 689 3762 partitis
712 3675 871 3743 distantia
894 3677 981 3743 tecta
1003 3675 1182 3743 tristioris?

213 3823 482 3836 ——nu—

323 3909 345 3978 1)
374 3908 468 3966 Claud.
488 3907 567 3980 Rapt.
587 3907 664 3964 Pros.
684 3908 692 3963 1
714 3911 764 3962 142
783 3921 856 3977 sqq:
884 3906 1025 3962 Trinacria
1047 3905 1186 3976 quondam
1210 3905 1303 3961 ltaliae
1327 3921 1392 3977 pars
1415 3921 1470 3962 una
1487 3905 1551 3974 tuitr

212 3999 285 4070 rupit
303 3997 423 4054 confinia
440 3998 548 4054 Nereus
560 3997 648 4054 victor
667 3998 694 4052 et
713 3997 853 4053 abscissos
871 3996 990 4052 interluit
1009 4009 1130 4065 aequore
1149 3996 1267 4050 montes.

318 4086 594 4158 bmdaaem

320 4177 343 4248 b
362 4175 396 4234 ct
415 4175 434 4230 ss
452 4180 532 4240 2,l7
551 4190 592 4245 sq.
630 4175 770 4232 Tneb.rd
788 4179 847 4234 492

320 4265 343 4335 ⁴)
362 4265 396 4322 ct.
415 4264 479 4328 113,
502 4269 560 4320 170.

319 4353 419 4424 ὁ)3011.
441 4354 517 4420 „in“;
537 4353 570 4409 ct.
590 4353 652 4420 115,
672 4358 707 4411 29
726 4367 767 4422 sq.
804 4407 806 4411 .

321 4443 345 4514 t)
367 4443 400 4500 er.
420 4444 439 4499 n
457 4449 482 4510 2,
502 4448 544 4499 ss.
