3500 4868
819 172 1042 231 ..11-

260 358 361 435 ciunt,
386 357 467 444 quia
486 359 643 426 versione
668 358 807 426 demum
833 359 969 428 dictioni
994 357 1168 445 scriptoris
1191 357 1360 425 serviente
1383 356 1501 425 omnia
1524 375 1602 442 per-

259 464 346 532 solvi
370 466 463 549 puto,
487 482 531 532 ne
555 468 675 548 poetae
698 465 776 534 laus
800 468 931 551 poetica
955 467 1160 536 detrahatur.

367 570 474 638 Tenui
499 571 601 658 igitur
624 575 656 639 et
680 575 828 660 angusta
848 574 977 660 ingenii
993 591 1082 641 vena
1097 571 1249 640 conlisus
1267 569 1446 656 Papinium
1464 576 1600 638 senten-

259 676 305 745 tia
333 679 467 746 servata
498 678 541 745 ad
570 677 725 755 verbum,
760 679 817 746 ubi
850 683 978 766 potero,
1015 679 1183 756 imitabor,
1219 678 1404 746 utiterum
1434 679 1600 744 nontam

259 783 443 870 philologis
478 802 581 870 quam
611 786 741 870 optimo
770 787 892 873 cuique
922 786 1069 872 patefiat,
1101 786 1213 872 qualis
1239 802 1319 852 vere
1354 782 1462 852 tuerit.
1518 782 1602 869 Quo

260 890 349 957 enim
386 891 512 959 diutius
552 891 769 979 ingrediebar
791 894 905 962 versui
930 911 1068 962 versum
1094 894 1287 968 adnectens,
1324 909 1365 959 eo
1390 892 1503 976 magis
1526 892 1600 958 toto

260 1015 395 1084 quoque
418 999 493 1083 ipse
517 998 710 1067 delectabar
732 1001 893 1068 carmine.

367 1104 442 1173 llac
476 1124 527 1182 re,
563 1124 772 1193 quamquam
808 1124 946 1193 semper
976 1108 1059 1175 citra
1093 1107 1269 1174 veritatem
1308 1108 1360 1173 est
1398 1104 1616 1180 similitudo,-

261 1207 405 1279 Statium
430 1212 459 1279 si
484 1231 553 1280 non
578 1213 780 1300 adaequare,
812 1215 923 1282 colere
947 1217 1036 1282 certe
1061 1215 1200 1282 conisus
1223 1231 1317 1298 sum;
1352 1211 1514 1280 teretibus
1549 1213 1600 1276 in-

260 1317 343 1386 fluat
367 1321 399 1386 et
423 1319 611 1388 insusurret
635 1319 789 1389 auribusl
821 1361 864 1368 -
893 1321 974 1406 Quo
1003 1321 1201 1407 priusquam
1227 1320 1386 1394 ascendo,
1423 1318 1599 1394 nonnulla,

262 1442 305 1491 ne
333 1426 367 1493 in
396 1425 529 1493 nebulis
558 1427 723 1514 navigare
746 1428 873 1505 videar,
910 1429 952 1496 de
986 1429 1095 1513 capite
1130 1427 1355 1511 expendenda
1389 1426 1472 1493 mibi
1508 1426 1600 1502 sunt,

262 1531 354 1617 quod
378 1533 474 1619 quasi
499 1551 656 1601 normam
682 1534 760 1612 adii,
785 1536 821 1601 ut
836 1533 1096 1603 tundamentum
1114 1532 1283 1610 offerrem,
1309 1534 1342 1601 in
1360 1551 1427 1620 quo
1444 1528 1600 1601 Statiana

262 1657 330 1706 vox
346 1639 513 1708 niteretur.
562 1640 621 1708 Est
637 1642 745 1710 codex
765 1641 1020 1711 Matritensis
1045 1642 1267 1710 bibliothecae
1292 1639 1473 1708 nationalis
1488 1638 1526 1705 M
1542 1644 1600 1717 31,

263 1745 318 1831 qui
354 1747 465 1830 priore
499 1748 606 1835 quinti
642 1748 764 1816 decimi
800 1750 927 1816 saeculi
964 1754 1059 1834 parte
1094 1749 1306 1832 conscriptus
1341 1766 1370 1814 a.
1402 1766 1432 1832 p.
1459 1744 1536 1815 cnr.
1563 1764 1595 1811 n.

261 1849 553 1924 MDCCCLXXIV
577 1873 598 1921 a
621 1851 774 1923 Gustavo
800 1855 920 1923 Loewe
944 1855 1069 1923 Matriti
1103 1857 1256 1940 repertus
1291 1857 1324 1922 et
1358 1854 1501 1921 collatus
1536 1855 1599 1920 est.

261 1958 362 2047 l·lunc
385 1960 506 2029 merito
531 1979 657 2048 agmen
687 1962 810 2030 ducere
846 1962 1000 2030 omnium
1036 1962 1199 2029 librorum
1229 1962 1342 2048 quoad
1367 1958 1480 2029 Silvas
1505 1977 1599 2026 com·

262 2067 475 2152 prehendunt
510 2086 613 2136 manu
650 2071 852 2155 scriptorum
888 2073 921 2138 et
955 2071 1067 2155 ipsum
1102 2069 1277 2153 exemplar
1306 2086 1382 2136 esse
1414 2068 1447 2134 in
1473 2065 1597 2153 Poggii

263 2192 362 2242 usum
398 2176 656 2261 transscriptum
686 2175 846 2244 Aliredus
881 2174 1009 2262 Klotz¹)
1046 2176 1249 2243 nitidissime
1285 2174 1530 2243 demonstravit
1565 2176 1598 2241 et

262 2281 375 2357 evicil;
405 2300 507 2368 quam
543 2282 587 2350 ob
611 2301 752 2352 causam
777 2284 863 2351 alios
898 2284 1034 2351 codices
1062 2286 1202 2352 cunctos
1231 2281 1309 2349 inde
1334 2282 1504 2350 derivatos
1528 2297 1598 2348 non

262 2407 339 2456 sum
358 2384 512 2457 secutus.

369 2495 463 2564 llaec
513 2496 639 2576 habeb,
690 2516 779 2584 quae
833 2498 943 2565 dicam
996 2499 1038 2566 de
1095 2499 1212 2567 codice
1263 2495 1451 2564 Matritensi
1505 2511 1601 2561 anno

261 2600 603 2671 MDCCCLXXXXV
641 2622 702 2690 per
740 2604 925 2674 Mauritum
966 2605 1084 2673 Krobn
1128 2623 1265 2672 summa
1305 2621 1382 2670 cum
1422 2601 1598 2687 diligentia

263 2725 408 2777 excusso
433 2710 489 2788 ita,
514 2716 549 2778 ut
573 2712 615 2778 de
638 2712 782 2780 lectione
807 2713 881 2780 eius
904 2711 974 2780 lere
998 2730 1168 2799 nusquam
1195 2711 1237 2779 sit
1261 2710 1412 2777 dubium.
1543 2694 1546 2702 ’

370 2814 528 2884 Ceterum
563 2818 654 2905 quod
691 2819 807 2886 attinet
842 2820 884 2885 ad
921 2817 1135 2905 singularum
1171 2815 1342 2886 Silvarum
1378 2815 1502 2890 titulos,
1539 2813 1598 2899 qui

262 2922 414 3009 plerique
443 2924 544 3009 positi
572 2927 736 3010 apparent
765 2944 824 3010 per
848 2925 1014 3003 librarios,
1051 2923 1317 3011 praelationibus
1353 2921 1454 2989 habui
1483 2919 1597 2986 iidem.

261 3025 330 3097 Sed
355 3030 436 3097 dum
462 3049 623 3117 comparo
649 3032 734 3100 inter
761 3050 838 3100 sese
863 3033 1096 3101 Matritensem
1132 3032 1255 3099 librum
1292 3048 1396 3098 manu
1433 3027 1595 3112 scriptum

139 3173 142 3179 ,
262 3138 294 3203 et
322 3136 516 3205 Klotzianas
540 3137 860 3226 Vollmerianasque
895 3139 1071 3217 editiones,
1108 3157 1252 3225 quarum
1281 3137 1426 3222 vestigia
1460 3151 1597 3219 semper

262 3245 360 3310 erunt
383 3245 605 3329 respicienda,
630 3246 899 3333 aliquosinveni
925 3246 1019 3314 locos
1044 3263 1121 3314 meo
1146 3246 1282 3332 quidem
1308 3243 1423 3311 animo
1453 3259 1521 3310 non
1552 3240 1599 3307 ab

263 3350 355 3416 omni
372 3353 467 3435 parte
484 3358 661 3438 suspectos
684 3355 716 3420 et
740 3353 956 3438 ponderatos.
1004 3352 1077 3430 llic,
1102 3371 1145 3420 ne
1162 3352 1241 3439 quid
1258 3351 1407 3424 sileatur,
1432 3346 1598 3416 nonnulla

263 3456 484 3536 subserenda,
509 3459 721 3546 corrigenda,
746 3459 914 3545 explenda
938 3459 1020 3526 mihi
1044 3459 1211 3527 videntur.

370 3561 539 3651 Sequitur,
574 3571 609 3634 ut
643 3583 825 3650 exponam,
863 3567 894 3632 in
931 3563 1055 3650 tertul)
1086 3566 1320 3634 constituendo
1349 3562 1429 3649 quid
1453 3559 1597 3648 egerim.

264 3668 474 3763 Coniecturis
497 3674 639 3741 omnino
664 3675 696 3741 in
720 3672 849 3758 Papinii
875 3673 1035 3758 operibus
1058 3690 1173 3740 carere
1202 3690 1271 3739 non
1301 3687 1498 3756 possumus,
1534 3668 1596 3736 sed

263 3795 426 3864 quaerere
460 3782 602 3865 oportet,
638 3798 725 3866 quae
761 3781 931 3848 servanda
964 3780 1018 3846 vel
1054 3780 1246 3847 revocanda
1269 3778 1336 3845 sint
1359 3794 1513 3864 quaeque
1538 3772 1595 3842 ab·

264 3885 424 3953 dicentur.
475 3885 553 3973 Qua
576 3887 609 3954 in
635 3904 671 3954 re
695 3888 810 3954 minus
834 3888 1090 3963 advertendum,
1120 3887 1200 3973 quid
1231 3887 1331 3969 poeta
1354 3884 1595 3971 dignissimum

263 3995 321 4060 aut
336 4010 396 4078 per
412 4010 450 4060 se
466 3994 774 4081 elegantissimum,
798 4012 901 4080 quam
918 3993 999 4080 quid
1017 3993 1163 4078 peculari
1188 3989 1283 4061 Statii
1310 3992 1447 4078 ingenio
1469 3990 1600 4075 optime

262 4101 445 4169 convenire
469 4101 634 4171 videatur.

370 4205 482 4276 Floret
511 4208 659 4294 proiecto
689 4210 821 4294 praeter
845 4208 1000 4275 aemulos
1029 4204 1166 4285 Statius,
1196 4207 1387 4294 ubicunque
1418 4205 1595 4280 suavitate,

262 4314 382 4400 gratia,
405 4318 583 4383 venustate
606 4317 696 4383 totus
720 4315 867 4382 scaturit.
917 4313 1035 4400 Neque
1060 4313 1240 4392 dubitetur,
1257 4315 1337 4401 quin
1362 4313 1404 4379 ad
1423 4309 1599 4388 laudandi,

370 4456 389 4524 1)
410 4455 442 4511 ci.
462 4456 544 4512 etiam
557 4455 686 4520 Vollmer,
706 4456 766 4525 epil.
785 4458 879 4527 pago
898 4469 938 4524 sq.

368 4542 391 4613 2)
411 4545 485 4613 quod
504 4545 563 4614 ipse
582 4544 744 4600 coniciendo
764 4543 849 4599 attero
869 4545 943 4610 novi,
962 4559 986 4603 a}
1008 4544 1169 4615 significavi,
