3500 4868
754 149 975 214 ...62-

249 345 286 410 1
304 359 335 406 ν.
366 346 419 416 14;
459 336 537 407 Non
571 338 674 426 liquet
708 337 801 415 milri,
836 355 906 425 qua
938 339 980 406 de
1019 355 1124 406 causa
1162 338 1370 407 Matritensis
1404 337 1530 407 codicis

199 446 380 533 „heus“¹)
417 447 451 530 (i.
481 465 539 533 qu.
568 446 659 530 ecce)
695 443 868 513 sublatum
897 446 950 524 sit,
980 445 1180 531 praesertim
1209 463 1287 513 cum
1311 444 1465 514 breviore
1489 463 1530 513 ea

197 553 437 632 interiectione,
466 570 555 641 quae
583 554 655 621 toto
687 551 791 619 animi
822 550 944 620 affectu
979 551 1144 630 firmatur,
1172 568 1293 620 cursus
1328 551 1530 620 narrationis

196 661 288 728 haud
312 659 409 729 lacile
433 659 612 748 frangatur
633 662 691 727 aut
714 659 926 744 impediatur.
974 655 1156 728 lnsomniis
1172 658 1314 727 obrutus
1337 661 1438 743 poeta
1461 675 1529 727 non

196 767 271 836 sine
294 785 424 855 magno
449 767 565 836 dolore
589 766 771 835 exclamat:

306 875 376 952 ,At
405 891 508 943 nunc
536 875 636 942 heus
666 872 826 960 aliquis·
845 873 970 960 longa
997 873 1070 942 sub
1099 875 1216 942 nocte
1245 872 1403 958 puellae

303 980 492 1050 bracchia
521 999 624 1050 nexa
650 983 794 1048 tenens
823 981 927 1048 ultro
954 982 1006 1058 te,
1031 977 1193 1057 Somne,
1218 979 1394 1065 repellit:

303 1089 395 1156 inde
423 1087 550 1155 venit“

755 1496 974 1577 Somnus..

185 1647 215 1718 J
819 1637 850 1704 V
873 1639 908 1703 4.

420 1761 569 1832 Crimine
593 1780 662 1849 quo
686 1762 805 1839 merui,
831 1761 963 1830 iuvenis
987 1761 1216 1846 placidissime
1240 1761 1368 1838 divum,

355 1887 467 1956 quove
490 1887 603 1938 errore
627 1870 741 1946 miser,
765 1869 865 1937 donis
889 1872 925 1937 ut
948 1869 1043 1937 solus
1067 1886 1216 1957 egerem,

355 1973 495 2055 Somne,
519 1977 609 2044 tuis?
633 1977 721 2044 tacet
739 1993 842 2043 omne
866 1993 970 2061 pecus
993 1976 1218 2064 volucresque
1239 1975 1399 2062 feraeque

355 2087 387 2151 et
411 2082 573 2152 simulant
595 2081 707 2150 lessos
731 2084 869 2150 curvata
892 2083 1071 2150 cacumina
1093 2100 1247 2161 somnos,

355 2209 418 2259 nec
440 2189 590 2259 trucibus
613 2189 728 2257 fluviis
752 2189 841 2256 idem
867 2207 989 2269 sonus;
1014 2191 1135 2259 occidit
1159 2191 1280 2259 horror

356 2297 524 2385 aequoris,
549 2298 581 2363 et
603 2296 701 2364 terris
725 2295 834 2364 maria
857 2297 1026 2366 adclinata
1049 2297 1264 2385 quiescuntl)

354 2399 509 2490 Septima
532 2404 600 2502 iam
625 2403 761 2471 rediens
786 2401 922 2471 Phoebe
947 2404 1028 2472 milri
1055 2405 1189 2491 respicit
1212 2421 1336 2490 aegras

355 2514 445 2579 stare
467 2527 593 2598 genas;
617 2510 756 2579 totidem
781 2508 933 2578 Oetaeae
961 2510 1178 2598 Paphiaeque
1203 2512 1354 2581 revisunt

355 2617 532 2703 lampades
556 2619 588 2684 et
610 2617 734 2686 totiens
758 2620 894 2687 nostros
916 2613 1076 2686 Tithonia
1099 2620 1239 2705 questus

354 2724 511 2810 praeterit
535 2727 567 2793 et
588 2724 706 2811 gelido
729 2725 861 2813 spargit
885 2726 1046 2794 miserata
1068 2725 1218 2813 flagello,

355 2832 452 2901 Unde
476 2850 543 2919 ego
566 2831 790 2920 sufficiami')
815 2853 885 2903 non
908 2834 936 2904 si
962 2834 1043 2903 milri
1068 2833 1199 2901 lumina
1222 2830 1323 2909 mille,

355 2958 442 3027 quae
467 2958 563 3008 sacer
586 2941 716 3009 alterna
738 2943 870 3010 tantum
895 2941 1039 3012 statione
1062 2939 1197 3008 tenebat

355 3046 471 3135 Argus
495 3049 527 3114 et
550 3047 641 3116 haud
667 3067 817 3135 unquam
841 3047 1005 3136 vigilabat
1028 3065 1169 3133 corpore
1192 3048 1272 3115 toto.

355 3155 399 3222 At
422 3171 513 3222 nunc
536 3155 622 3222 heus
646 3155 770 3242 aliquis
795 3156 900 3242 longa
924 3154 988 3224 sub
1012 3157 1110 3223 nocte
1135 3153 1267 3239 puellae

355 3259 514 3329 bracchia
537 3277 626 3329 nexa
648 3264 768 3330 tenens
792 3261 879 3331 ultro
901 3265 945 3340 te,
971 3259 1111 3339 Somne,
1137 3259 1278 3346 repellit:

355 3368 434 3435 inde
457 3368 545 3445 veni,
570 3371 687 3436 necte
710 3369 799 3439 totas
822 3368 999 3437 infundere
1022 3367 1184 3454 pennas⁴)

356 3473 542 3544 luminibus
566 3473 732 3561 compello
757 3476 843 3544 meis
866 3476 948 3560 (hoo
967 3474 1066 3544 turba
1090 3478 1243 3561 precetur

355 3580 486 3667 laetior)
511 3583 730 3651 —extremo
755 3599 811 3649 me
832 3584 938 3670 tange
962 3583 1139 3652 cacumine
1163 3582 1292 3669 virgae,

354 3687 504 3774 (sufficit)
528 3691 586 3756 aut
608 3687 725 3756 leviter
747 3706 917 3775 suspenso
941 3690 1066 3776 poplite
1088 3689 1208 3757 transi!

192 4169 460 4182 —a—-uu-——u—

301 4255 376 4324 ¹.)ci
396 4255 463 4313 Hor.
481 4255 611 4323 satis,
631 4262 675 4313 21.

302 4343 530 4410 ².)cllllz‚7.3
599 4381 603 4387 -

302 4431 377 4498 ⁸·)

300 4517 377 4586 ⁴)
