3500 4868
862 69 1086 131 ...50-

610 260 760 346 Quando
782 266 816 328 te
839 261 928 328 dulci
952 259 1047 328 Latio
1072 259 1239 326 remittent

613 365 824 451 Dalmatae)
849 369 995 444 montes,
1018 365 1075 434 ubi
1099 364 1178 433 Dite
1199 364 1275 432 viso

612 474 760 559 pallidus
782 471 896 542 fossor
919 473 1004 541 redit
1026 474 1192 558 erutoque

734 581 897 649 concolor
919 586 1028 648 auro?

608 777 693 846 Ecce
717 795 772 845 me
796 780 913 845 natum
939 777 1096 862 propiore
1119 779 1208 844 terra

610 902 679 952 non
703 886 818 952 tamen
842 887 940 970 portu
966 885 1108 951 retinent
1132 900 1279 952 amoeno

607 991 744 1060 desides
769 991 873 1061 Baiae
896 991 1050 1059 liticenve
1074 994 1175 1059 notus

734 1097 890 1167 Hectoris
913 1099 1027 1166 annis.

607 1293 742 1381 Torpor
764 1298 815 1363 est
839 1295 963 1363 nostris
987 1295 1060 1363 sine
1083 1295 1147 1380 tei)
1173 1292 1344 1371 Camenis

608 1402 739 1470 tardius
763 1405 860 1470 sueto
884 1403 976 1471 venit
999 1403 1071 1487 ipse
1095 1400 1291 1488 Thymbrae

610 1511 727 1587 rector,
752 1512 785 1578 et
808 1509 928 1594 primis
951 1527 1048 1576 meus
1072 1525 1150 1576 ecce
1174 1505 1305 1594 metisi)

734 1617 851 1684 haeret
874 1615 1033 1684 Achilles.

611 1810 746 1897 Quippe
770 1815 802 1880 te
825 1810 895 1880 fido
920 1812 1118 1896 monitore)
1143 1815 1260 1879 nostra

610 1917 758 1986 Thebais
783 1918 890 1987 muita
912 1919 1060 1987 cruciata
1084 1919 1167 1986 lima

608 2027 714 2093 teniat
738 2025 857 2092 audaci
880 2023 949 2094 tide
972 2025 1180 2093 Mantuanae

731 2133 860 2219 gaudia
882 2131 1004 2200 famae.

607 2324 677 2395 Sed
701 2328 826 2396 damus
849 2329 942 2398 tento
964 2330 1110 2405 veniam,
1135 2330 1227 2416 quod
1251 2329 1344 2397 alma

609 2434 703 2520 prole
726 2434 874 2504 fundasti
899 2453 1027 2504 vacuos
1051 2440 1200 2520 penates.

607 2539 639 2610 O
664 2542 754 2610 diem
778 2542 919 2611 laetum!
944 2545 1035 2611 venit
1058 2560 1136 2611 ecce
1160 2541 1259 2610 nobis

730 2649 905 2717 Maximus
929 2650 1025 2719 alter!

608 2843 748 2914 Orbitas
771 2847 864 2915 omni
887 2845 1053 2934 fugienda
1076 2847 1164 2924 nisu,
1310 2940 1312 2943 ι

606 2971 709 3038 quam
734 2955 856 3040 premit
878 2954 967 3022 votis
991 2954 1148 3022 inimicus
1172 2955 1271 3022 heres
1404 3041 1405 3046 Ἰ

605 3059 734 3145 optimo
758 3078 903 3146 poscens
927 3061 1043 3147 (pudet
1067 3061 1163 3148 beat)
1188 3062 1382 3150 propinquo.

729 3167 833 3236 iunus
859 3168 968 3236 amici.

606 3359 745 3431 Orbitas
768 3364 861 3432 nullo
885 3366 1057 3434 cumulata
1079 3364 1176 3434 fletu:

605 3471 671 3540 stat
694 3470 798 3539 domo
822 3474 921 3558 capta
944 3473 1087 3558 cupidus
1111 3477 1284 3560 superstes

605 3578 790 3646 imminens
814 3579 869 3646 leti
894 3580 1012 3664 spoliis
1036 3583 1068 3648 et
1092 3581 1204 3666 ipsum

729 3687 902 3771 computat
926 3687 1052 3775 ignem.
1078 3672 1121 3736 '-

607 3879 713 3951 Duret
737 3883 771 3950 in
795 3882 940 3970 longum
961 3887 1153 3970 generosus
1177 3884 1289 3954 inians

606 4007 732 4076 perque
757 4008 826 4059 non
851 3991 966 4058 multis
990 3992 1052 4059 iter
1075 3993 1270 4077 expeditum

409 4184 810 4253 uniam.nam

405 4271 668 4340 uernum

407 4360 430 4427 8)
449 4359 484 4416 ci.
501 4360 510 4417 1
528 4365 555 4427 2,
573 4363 618 4417 86.

406 4444 653 4515 bavam.
