3500 4868
740 48 966 111 „30-

291 259 321 308 v.
360 245 417 307 53:
471 242 631 307 veteres
677 238 770 326 (quia
817 237 917 308 altius
968 238 1087 324 repetit
1133 234 1262 307 Statius
1308 241 1516 322 sermonem)

183 346 364 415 animata
398 346 588 415 calores“.
642 344 805 414 Platanos
837 363 872 416 re
900 363 983 413 vera
1017 345 1195 413 animata
1229 348 1281 413 est
1308 343 1518 412 veteribus

183 451 391 522 caloribus
425 453 479 520 vel
514 455 674 521 veteres
708 453 866 522 calores
906 453 976 530 dei,
1023 452 1080 539 qui
1124 451 1388 536 „depositam‘
1425 451 1519 518 iuxta

182 558 311 628 fontem
335 558 446 644 viva¹)
471 560 600 628 harena
623 558 767 646 adgesta
790 558 957 645 adspersit
983 559 1119 645 „aquis
1143 559 1322 644 optatis.“

291 757 322 805 v.
348 745 404 806 57:
437 739 631 818 ,eluctata
655 736 727 806 sub
752 744 904 806 auras‘.
944 727 1055 806 Arbor
1071 737 1235 804 eluctatur
1255 736 1347 814 ,sub
1376 742 1515 804 auras“

184 844 217 929 (i.
243 863 298 932 qu.
324 843 387 913 sub
412 843 566 930 spiritum
590 861 769 931 aquarum,
793 863 824 912 v.
843 846 910 930 56),
935 844 1017 911 dum
1041 861 1150 930 aquas
1174 843 1267 929 ipsas
1285 842 1404 929 tangit,
1429 842 1520 909 unde

186 952 445 1039 ,ingeniosa“
472 969 591 1020 rursus
615 951 724 1019 enode
748 952 838 1020 levat
862 969 1037 1022 cacumen.

290 1149 321 1198 ν.
347 1133 404 1198 oi:
439 1127 534 1197 Rami
559 1131 660 1197 antea
681 1130 818 1216 gurgite
841 1129 1014 1215 nymphae
1042 1127 1241 1197 fastidiosae
1272 1127 1402 1196 exclusi
1438 1126 1518 1194 odio

184 1237 329 1305 remisso
367 1236 555 1324 spirituque
593 1253 760 1323 aquarum
800 1237 933 1322 placato
973 1236 1211 1313 invitantur,
1256 1235 1276 1302 i.
1313 1253 1342 1302 e.
1382 1234 1517 1320 imago

182 1339 396 1412 frondibus
420 1346 600 1431 responsat
624 1342 676 1428 (cf.
701 1343 712 1410 1
738 1349 768 1421 3,
795 1350 833 1411 18
856 1346 929 1430 sq.).

291 1540 322 1589 v.
350 1527 406 1590 74:

347 1646 469 1715 „quos
492 1632 606 1714 pater
622 1627 819 1716 Elysium,
842 1629 1032 1716 genetrix
1056 1647 1158 1717 quos
1182 1627 1327 1697 detulit
1351 1635 1517 1696 annos“:

184 1751 305 1812 annos,
330 1753 417 1821 quos
441 1735 563 1821 adepti,
588 1736 734 1805 assecuti
759 1739 917 1821 parentes
941 1737 984 1805 ad
1009 1753 1130 1804 manes
1153 1735 1319 1804 abierunt.
1357 1735 1519 1812 Vollmer,

183 1842 241 1930 qui
269 1840 488 1928 „Elysium“
514 1861 576 1929 pro
602 1842 777 1930 ,Elysio“
805 1842 1002 1928 (Domitius)
1026 1845 1080 1912 vel
1108 1841 1310 1929 „Elysius“
1337 1843 1406 1912 scil.
1425 1846 1520 1929 pater

185 1949 387 2036 (Baehrens)
411 1950 542 2028 suadet,
566 1950 682 2021 scribit
705 1951 787 2019 mihi
806 1951 848 2018 ad
866 1952 958 2019 hunc
972 1951 1102 2020 locum:
1129 1948 1205 2030 ,Ob
1223 1951 1285 2038 t-o'
1302 1951 1386 2019 oder
1402 1949 1518 2038 fum',

184 2056 288 2125 haum
314 2074 355 2123 zu
379 2056 609 2135 entscheiden,
633 2057 678 2125 da
701 2057 800 2126 beide
820 2057 1110 2126 Konstruktionen
1133 2056 1188 2125 firr
1205 2055 1333 2126 Statius
1355 2058 1517 2144 mdglich.

185 2161 476 2249 Paiaographiscn
502 2163 569 2251 ga’
592 2183 634 2230 zu
660 2163 726 2252 s-u'
751 2165 806 2232 ein
830 2162 924 2233 Haar
947 2163 1086 2233 leichter
1110 2166 1161 2232 ais
1184 2183 1225 2231 zu
1250 2164 1349 2252 ,-ο’.“

571 2557 714 2633 Arbor
741 2548 888 2635 Ate'dii
918 2558 1132 2636 Melioris.

808 2699 837 2767 11
859 2702 895 2768 3.

398 2817 481 2900 Stat,
505 2840 594 2909 quae
618 2824 817 2908 perspicuas
840 2824 935 2892 nitidi
959 2824 1114 2892 Melioris
1137 2826 1258 2910 opacet

345 2926 446 2996 arbor
469 2946 577 3016 aquas
600 2927 811 3016 complexati
836 2930 942 3008 lacus,
967 2948 1055 3017 quae
1079 2930 1203 3000 robore
1226 2928 1267 2997 ab
1293 2931 1362 2998 imo

345 3034 523 3103 incurvata
545 3036 643 3105 vadis
667 3037 752 3105 redit
776 3038 855 3105 inde
879 3038 1055 3106 cacumine
1079 3042 1170 3107 recto

347 3141 465 3219 ardua,
490 3160 551 3210 ceu
576 3144 698 3212 mediis
722 3146 844 3213 iterum
869 3145 1029 3213 nascatur
1052 3145 1095 3213 ab
1120 3145 1220 3213 undis

345 3251 447 3335 atquc
470 3248 598 3317 habitet
620 3252 765 3320 vitreum
789 3252 899 3321 tacitis
922 3251 1094 3320 radicibus
1118 3269 1266 3320 amnem.

346 3353 437 3441 Quid
463 3353 640 3425 Phoebum
665 3359 735 3426 tam
760 3376 867 3444 parva
890 3364 1035 3445 rogem?
1059 3374 1124 3426 vos
1148 3358 1246 3426 dicite
1271 3376 1404 3437 causas,

345 3459 517 3549 Naidesi),
541 3466 574 3532 et
596 3463 723 3544 faciles,
748 3467 831 3534 satis
855 3467 916 3543 est,
941 3466 1020 3534 date
1043 3465 1195 3534 carmina
1219 3465 1342 3533 Fauni!

342 3567 581 3656 Nympharum
605 3574 743 3639 tenerae
765 3569 944 3658 fugiebant
968 3569 1096 3657 Panae
1121 3573 1295 3649 catervae;

344 3675 399 3744 iile
424 3678 561 3764 quidem
586 3677 619 3756 it,
644 3680 783 3746 cunctas
806 3679 982 3765 tamquam
1006 3677 1096 3755 velit,
1121 3681 1291 3746 ettamen
1316 3694 1420 3744 unam

345 3784 379 3850 in
404 3782 566 3852 Pholoen.
592 3785 687 3853 silvis
712 3785 796 3852 haec
819 3781 1087 3871 fluminibusque
1111 3783 1286 3871 sequentis

345 3907 437 3957 nunc
460 3891 567 3960 hirtos
589 3908 743 3979 gressus,
768 3907 859 3958 nunc
882 3888 1039 3976 improba
1063 3908 1192 3958 cornua
1215 3891 1306 3959 vitat.

291 4068 313 4136 ι)
332 4091 366 4115 =
386 4069 487 4134 umida,
519 4068 624 4134 bibuta;
662 4067 696 4125 cf.
716 4067 751 4124 lV
773 4072 798 4134 3,
827 4073 870 4123 54.
907 4068 974 4124 tior.
995 4068 1114 4126 carmi
1142 4073 1182 4134 19,
1214 4069 1258 4134 13;
1296 4069 1323 4124 111
1350 4074 1375 4136 8,
1404 4074 1429 4123 4.
1468 4067 1522 4124 Ον.

182 4155 232 4228 Ep.
253 4157 332 4213 XVili
350 4163 413 4213 201.
450 4158 525 4230 Virg.
545 4157 670 4230 Georgi
692 4162 751 4213 114.

289 4247 312 4314 ²)
332 4246 437 4312 cfir,
456 4252 482 4301 2.
517 4247 553 4303 lV
571 4252 597 4312 2,
616 4251 660 4302 24.

290 4334 439 4404 3)ο[.15,
462 4339 633 4406 15sqq.;6‚
656 4341 665 4392 1
688 4349 751 4406 sqq.

290 4425 314 4490 rt
334 4424 366 4481 cf.
386 4423 627 4483 Ov.hiet.1699
645 4439 705 4494 sqq.
