3500 4868
785 163 1007 227 ..53..

282 355 287 362 '
390 355 454 422 wie
481 355 541 421 der
563 353 641 421 Ahn
666 354 726 422 des
750 354 897 422 nimmer
920 354 1096 442 besiegten
1121 354 1258 424 Kaisers

390 460 577 528 schnellem
602 459 686 528 Blitz
708 459 850 548 geiolgt
875 461 935 528 der
957 457 1137 530 Sarmaten
1160 461 1312 548 ilirclrtge

390 563 544 636 Stamme
568 572 686 655 strong
708 569 901 655 geheissen‚
925 568 959 635 in
983 567 1076 635 einer
1099 569 1242 656 einzgen
1271 636 1275 646 ,

551 671 694 761 (legend
719 694 759 742 zu
786 677 927 743 hausen.

391 851 486 920 [loch
512 870 617 920 zuvor
641 853 771 920 erlerne
796 854 856 921 der
878 853 1047 940 liingling
1070 854 1167 922 deine

390 957 510 1037 Kunst,
534 959 588 1027 die
612 960 696 1028 alles
718 960 811 1028 Alter
834 960 895 1028 der
917 958 1005 1029 Welt
1028 959 1273 1028 durchiautend

391 1067 452 1134 des
477 1063 605 1134 Sallust
628 1064 689 1135 Stil
714 1067 782 1135 und
808 1068 869 1136 des
893 1066 1186 1136 Timavussohnes

551 1174 584 1240 in
609 1175 680 1242 sich
704 1174 879 1262 vereinigt.

432 1637 806 1737 hendecasyllabi
837 1642 895 1716 ad
924 1640 1123 1717 Plotium
1153 1607 1392 1733 (irypum.¹
1593 1742 1624 1804 s

843 1780 889 1848 lV
914 1783 950 1850 9.

336 1887 366 1934 v.
391 1873 427 1934 4:

445 1975 497 2054 „si
523 1978 612 2060 post
637 1977 711 2044 hoc
735 1962 889 2063 aliquid
915 1977 1010 2044 mihi
1036 1976 1249 2044 remittas‘·

231 2081 393 2168 Papinius
432 2080 544 2150 subtili
585 2084 733 2168 quadarn
773 2087 805 2151 et
845 2085 979 2171 ancipiti
1015 2102 1076 2169 spe
1111 2085 1252 2161 tenetur,
1292 2086 1404 2151 utrum
1440 2081 1563 2150 libellis

230 2191 389 2275 (quorum
415 2186 610 2276 Grypianus
637 2191 738 2258 vilior
765 2195 816 2259 est
845 2191 1037 2276 habendus)
1072 2191 1210 2259 iamiam
1248 2190 1386 2258 mutatis
1419 2190 1564 2258 remittat

232 2296 457 2382 „aliquid“¹)
488 2298 591 2383 (quod
625 2299 719 2383 pretii
744 2299 787 2367 sit
811 2299 955 2367 alicuius
978 2298 1032 2366 vel
1058 2297 1230 2384 dignitatis
1254 2297 1409 2382 omnino)
1435 2294 1563 2364 Plotius

229 2399 367 2490 Grypus
391 2422 434 2471 an
459 2423 539 2481 non,
564 2405 655 2490 quod
680 2423 818 2472 summa
841 2423 919 2472 curn
944 2421 1045 2472 curae
1068 2407 1140 2472 tum
1165 2404 1246 2472 artis
1270 2406 1321 2471 est
1345 2403 1507 2473 elocutus.

337 2529 478 2597 Miserat
502 2526 639 2615 Grypus
663 2528 805 2615 Papinio
834 2548 896 2615 pro
927 2530 1012 2597 libro
1041 2546 1211 2615 purpureo
1245 2545 1413 2614 novoque,
1448 2529 1565 2596 charta

230 2639 263 2703 et
286 2635 375 2704 binis
400 2632 598 2721 umbilicisi)
627 2637 786 2705 decorato
816 2636 908 2704 Bruti
940 2635 1167 2714 oscitationes,
1199 2634 1349 2703 libellum
1383 2635 1483 2703 tineis
1511 2653 1563 2703 ro-

228 2759 307 2812 sum
344 2743 478 2829 situque
514 2745 657 2829 putrem.
717 2742 792 2810 Fuit
827 2761 911 2830 ergo
935 2741 1039 2830 Grypi
1070 2743 1194 2811 addere
1231 2742 1425 2829 „aliquid‘
1462 2742 1563 2818 dono,

231 2851 321 2936 quod
347 2851 465 2918 iocans
490 2854 522 2918 et
550 2850 673 2918 ludens
697 2851 846 2929 miserat,
871 2851 936 2919 nisi
966 2851 1253 2937 exspectationem
1283 2849 1382 2916 amici
1411 2848 1565 2932 decipere

230 2954 376 3025 volebat.
957 2969 958 2972 ’

338 3153 369 3200 ν.
394 3139 428 3202 9:
470 3141 653 3220 „praeter
683 3145 779 3215 nre“‚
815 3136 940 3222 quippe
969 3137 1023 3223 qui
1053 3153 1192 3204 carmen
1228 3151 1383 3222 pangens
1413 3151 1468 3201 me
1492 3134 1564 3217 ipse

231 3237 382 3306 dederim
407 3241 460 3307 vel
485 3242 661 3311 meliorem
685 3246 774 3311 certe
799 3242 864 3310 mei
891 3246 1030 3328 partem.

339 3436 369 3484 v.
400 3424 452 3485 13:

441 3523 540 3604 '„aut
569 3525 836 3611 Byzantiacos
867 3528 1004 3595 colunt
1031 3527 1275 3610 lacertos.“³)

232 3631 361 3700 Versus
386 3633 623 3700 antecedentes

450 3740 615 3827 „quales
644 3745 710 3807 aut
735 3740 895 3828 libycis
925 3742 1092 3810 madent¹
1113 3740 1234 3811 olivis

448 3851 514 3916 aut
542 3851 606 3916 tus
635 3847 834 3915 Niliacum
866 3848 1030 3934 piperve
1060 3851 1245 3917 servant“

233 3953 417 4039 respiciens
435 3954 657 4024 Heinsianam
675 3955 757 4024 tollo
774 3956 1002 4022 coniecturam
1030 3956 1182 4032 „olent“
1207 3959 1307 4042 atque
1329 3954 1362 4022 in
1378 3953 1565 4023 Matritensi

234 4060 392 4146 persisto:
417 4063 592 4130 cavillatur
614 4059 742 4130 Statius
766 4061 887 4129 libellis
912 4062 1070 4147 sepositis
1093 4063 1237 4130 lacertos
1261 4063 1432 4148 (thynnos,
1457 4062 1566 4147 pisces

234 4166 397 4254 Byzantio
432 4169 466 4236 in
500 4169 587 4238 ireto
623 4171 752 4254 captos)
791 4169 927 4248 „coli“‚
958 4170 977 4236 i.
1008 4186 1036 4237 e.
1066 4169 1135 4256 tegi
1165 4172 1197 4237 et
1225 4169 1361 4238 involvi.
1408 4167 1566 4236 Fortasse

340 4362 363 4430 1)
382 4364 416 4421 cl.
436 4365 542 4430 Friedl„
562 4365 618 4420 luv.
637 4365 694 4420 Sat.
714 4366 722 4421 l
742 4365 785 4420 74.

207 4497 210 4506 .
340 4453 363 4520 ²)
382 4453 415 4510 ci.
436 4455 515 4511 Mart.
538 4455 629 4526 Epigr.
648 4456 657 4509 l
676 4457 720 4520 66,
742 4461 788 4520 li:
807 4453 861 4510 Vlll
879 4456 922 4519 61,
942 4460 968 4510 4.

342 4542 364 4610 ⁸)
383 4541 417 4598 cl.
436 4543 502 4602 Tac.
521 4545 565 4600 Ab
585 4559 644 4602 exc.
665 4544 697 4600 D.
717 4545 790 4616 Aug.
808 4542 853 4600 Vll
871 4545 915 4600 66.
952 4542 1042 4600 Strab.
1062 4541 1165 4614 Geogr.
1177 4542 1221 4599 Vll
1239 4545 1265 4607 6,
1285 4547 1345 4598 ³20.
