3500 4868
227 481 256 534 ul

823 93 1150 177 --48-γ

642 308 707 383 hd
738 307 917 384 Vlblum
948 304 1237 390 Maximum).

882 449 929 517 lv
953 453 987 516 7.

401 591 429 640 ss
452 593 483 641 ν.
505 581 516 638 1
539 591 626 659 squ:
654 574 857 651 ,sociata“
885 574 1006 658 (mihi).
1055 573 1214 651 ,Fortis
1237 574 1429 642 heroina“
1456 595 1599 645 -nam

271 680 319 747 sic
343 679 454 748 scribo
477 719 520 726 --
543 697 631 766 quae
655 680 741 765 regit
764 682 918 766 tempora
941 677 1098 765 rerum2),
1122 681 1223 750 Erato
1248 682 1322 767 (pro
1346 681 1458 760 Musa,
1476 684 1536 750 sed
1560 701 1603 752 eo

272 786 476 863 discrimine,
516 789 551 853 ut
589 788 838 872 peropportune
878 789 975 854 cadat
1015 785 1166 872 Papinio,
1214 789 1292 874 quia
1330 788 1601 876 genethliacon³l

272 897 431 979 pacturus
454 896 517 978 est)
543 896 663 979 poetae
689 893 775 971 „diu
804 895 980 962 sociata‘
1007 895 1076 962 lato
1099 893 1296 962 Thebaidos
1319 912 1441 979 campo
1465 896 1605 967 labores

272 999 406 1068 differre
434 999 567 1068 iubetur
595 1003 695 1086 atque
723 1001 846 1087 ingens
874 1020 962 1086 opus
991 1002 1022 1085 (i.
1054 1020 1081 1068 e.
1112 1006 1209 1087 epos)
1246 1002 1397 1070 minores
1432 1002 1465 1069 in
1496 1021 1604 1091 gyros

273 1108 485 1174 contrahere:
510 1107 701 1175 Maximum
726 1107 896 1175 salutandi
921 1126 1026 1175 causa
1048 1107 1183 1176 fidibus.

380 1213 530 1283 Roehrer
545 1217 577 1280 et
590 1213 790 1282 Wemsdori
804 1214 945 1292 „tortis
962 1216 1123 1282 herois“
1141 1217 1224 1300 (scil.
1240 1216 1391 1299 Achillis)
1405 1219 1602 1304 genetivum

274 1324 401 1407 putant,
437 1322 528 1407 quod
564 1339 640 1388 cum
676 1321 810 1406 legibus
846 1321 993 1388 metricis
1027 1323 1160 1389 vetatur
1196 1321 1385 1407 (Vollmer),
1424 1326 1495 1391 tum
1532 1325 1604 1391 im-

274 1431 477 1514 pugnatur
516 1431 740 1513 temporum
781 1428 1105 1506 condicionibus;
1145 1429 1295 1497 Achilles
1330 1431 1420 1497 enim
1463 1431 1605 1516 primis

275 1536 411 1602 haeret
440 1536 558 1603 metis
587 1538 630 1618 (v.
658 1541 700 1601 24
723 1537 799 1621 su).

407 1731 435 1780 sa
468 1732 498 1780 v.
531 1719 572 1780 35
608 1731 673 1799 sq.:
725 1712 842 1781 Exsilit
881 1713 1008 1791 lumen,
1048 1714 1076 1781 si
1116 1714 1262 1799 lapidem
1303 1715 1466 1799 percutiat
1505 1715 1607 1800 lapis;

275 1820 512 1906 neglegentiae
545 1820 648 1904 igitur
675 1821 811 1905 culpam
841 1820 963 1905 quovis
992 1819 1116 1897 defero,
1145 1821 1173 1888 si
1203 1821 1402 1906 interpretor
1432 1823 1608 1907 ,optimo

274 1945 446 2014 poscens
492 1927 631 2012 (pudet
671 1928 783 2012 heul)
825 1927 1051 2012 propinquo
1090 1925 1211 1994 tunus
1254 1928 1407 1995 amici.“
1479 1926 1608 1997 Crebro

275 2035 432 2103 homines
470 2034 523 2101 vel
563 2033 714 2118 optimo
761 2033 991 2119 propinquo
1038 2037 1182 2119 poscunt
1228 2034 1455 2112 orbitatem,
1503 2054 1606 2121 quam

252 2130 420 2209 ¹inimicis
444 2141 511 2207 iam
536 2141 667 2225 pridem
691 2157 846 2225 pressere
870 2140 968 2218 votis
999 2141 1059 2208 sed
1092 2141 1211 2208 amici
1241 2139 1375 2219 funus,
1405 2144 1440 2209 ut
1463 2161 1505 2209 ex
1530 2160 1609 2210 asse

275 2250 418 2317 heredes
453 2248 584 2333 possint
619 2248 791 2315 exsistere.
839 2243 912 2315 Stat
947 2249 1037 2314 enim
1067 2249 1171 2317 domo
1206 2251 1304 2332 capta
1333 2250 1476 2334 cupidus
1509 2252 1610 2318 heres

277 2357 451 2442 superstes
475 2355 657 2422 imminens
681 2355 736 2422 leti
762 2354 910 2440 spoliis⁴)
936 2356 968 2422 et
988 2355 1100 2439 ipsum
1123 2356 1239 2441 ignem
1258 2356 1445 2439 (impensas
1466 2355 1607 2442 funeris)

276 2453 457 2549 computat.
521 2460 598 2529 Non
639 2461 909 2547 propinquum
945 2461 1087 2546 proinde
1126 2461 1229 2529 funus
1269 2461 1418 2546 poscitur
1457 2463 1610 2546 optimo

276 2570 420 2647 amico,
457 2572 493 2637 ut
535 2568 640 2655 vulgo
679 2570 810 2653 putant,
853 2568 914 2635 sed
952 2567 1055 2636 tunus
1094 2569 1235 2636 omnino
1274 2569 1430 2652 optimo·
1466 2569 1609 2654 cuique

277 2677 415 2754 amico,
441 2675 598 2762 quamvis
623 2675 739 2761 (pudet
763 2676 859 2759 heul)
884 2677 1133 2760 propinquus
1157 2677 1199 2742 sit
1223 2673 1393 2743 affinitate.

383 2783 536 2851 Aviditas
561 2783 713 2869 maligna
736 2800 850 2850 norme
874 2783 1007 2866 penitus
1037 2783 1084 2850 ita
1112 2783 1376 2869 recognoscitur,
1406 2784 1442 2848 ut
1472 2797 1609 2848 cernere

278 2895 309 2959 et
345 2908 453 2978 paene
480 2893 622 2976 tangere
648 2890 819 2957 videaris?
871 2889 950 2975 Quo
984 2891 1055 2956 toto
1086 2892 1119 2957 et
1146 2895 1189 2956 33
1218 2907 1319 2957 versu
1357 2906 1465 2975 usque
1493 2888 1536 2954 ad
1566 2893 1610 2954 40

278 2999 451 3068 enuntiato
467 2994 595 3066 Statius
618 2997 770 3082 paullum
792 3014 812 3062 a
836 2997 1011 3081 proposito
1036 2996 1212 3082 digressus
1233 3014 1270 3064 se
1295 2995 1407 3080 ipsum
1431 2995 1609 3062 orbitatem

278 3106 397 3192 fugere
422 3103 579 3191 nequisse
604 3103 721 3170 leviter
745 3102 995 3189 significaverit,
1021 3121 1064 3169 an
1092 3103 1291 3179 „amicos“
1321 3101 1473 3187 (Vollm.)
1497 3103 1562 3180 vel,
1580 3101 1609 3168 si

280 3215 313 3280 in
342 3211 469 3279 hlfredi
510 3211 605 3279 Klotz
641 3228 695 3276 me
731 3209 867 3278 insinuo
902 3210 1114 3286 sententiam,
1153 3211 1378 3286 „amicum“
1419 3207 1611 3276 Maximum

282 3318 467 3405 appellarit,
493 3318 632 3386 haesita.

385 3514 413 3563 ss
440 3516 470 3564 v.
496 3501 553 3564 46:
592 3513 717 3581 „quos
741 3495 788 3561 ad
812 3492 936 3562 Eoum
960 3494 1112 3562 tuleras
1137 3490 1369 3562 Orontem“.
1417 3493 1467 3560 Ex
1485 3494 1613 3560 harena

280 3603 370 3672 funis
394 3602 479 3670 eiiici
504 3621 572 3671 non
597 3604 715 3688 potest,
733 3619 821 3687 quae
843 3604 959 3668 tamen
984 3601 1196 3686 aliquantum
1221 3603 1415 3687 congruunt
1438 3618 1516 3666 cum
1541 3598 1612 3666 veri

280 3710 498 3778 similitudine
522 3710 575 3776 vel
601 3727 660 3795 per
683 3726 720 3776 se
737 3710 815 3776 sunt
839 3708 998 3792 patentia,
1016 3725 1106 3794 nego
1131 3708 1326 3775 omittenda.
1375 3705 1489 3774 Potest
1510 3706 1615 3792 igitur

387 3960 410 4030 1)
428 3960 462 4016 ei.
483 3959 588 4023 Friedl,
607 3958 644 4013 M.
658 3957 718 4013 Val.
738 3958 817 4012 Mart.
837 3956 928 4028 Epigr.
941 3958 966 4022 l.‚
987 3957 1049 4011 adn.
1069 3957 1104 4011 ad
1123 3956 1156 4011 Xl
1178 3959 1228 4011 106
1246 3956 1319 4023 (Vibi
1338 3956 1467 4019 Maxime,
1487 3955 1509 4010 si
1529 3968 1615 4010 vacas
1707 4021 1708 4025 Ἰ

280 4051 406 4118 haverel:
428 4049 584 4116 ,Derselba
604 4062 637 4103 an
657 4048 710 4102 den
729 4045 796 4102 Stat.
817 4044 884 4100 Silv.
897 4044 959 4100 lV7
979 4046 1113 4116 gerichtet
1130 4046 1174 4112 ist,
1193 4046 1229 4099 im
1248 4045 1332 4100 Jahre
1352 4049 1386 4100 93
1405 4043 1490 4115 praet.
1511 4047 1572 4098 coh.
1586 4041 1613 4095 lll

280 4139 441 4210 Alpinorum
461 4140 487 4194 in
507 4127 670 4200 Dalmatian,
689 4137 725 4190 im
744 4135 828 4190 Jahre
850 4139 900 4188 104
918 4133 1029 4189 Pratelrt
1047 4149 1102 4188 von
1123 4121 1262 4204 hgypten.
1298 4131 1327 4190 S.
1348 4133 1381 4190 G.
1402 4133 1508 4188 111457.
1547 4131 1615 4186 Ver-

281 4228 392 4283 mutlich
412 4227 565 4282 bekleidete
584 4241 614 4281 er
632 4226 668 4280 im
686 4224 770 4280 Jahre
789 4225 825 4282 96
844 4224 906 4277 eine
925 4221 1107 4278 Prokuration
1127 4222 1154 4277 in
1173 4221 1268 4276 Rom.“

386 4317 408 4384 ²)
429 4316 461 4371 ct.
481 4314 554 4385 Virg.
574 4314 644 4370 Aen.
664 4311 708 4368 Vll
726 4317 760 4366 37
780 4324 839 4378 sqq.

386 4401 598 4474 ³)ct.12,49.

388 4489 411 4560 ⁴)
431 4490 464 4546 cl.
482 4491 568 4545 Theb.
587 4488 622 4543 lV
643 4493 693 4546 194
711 4505 751 4559 sq.
