3500 4868
797 116 1019 178 ...45-

428 385 430 390 ,
506 309 542 373 ut
565 302 686 373 Castor
709 304 753 373 ad
776 308 917 374 cunctos
939 306 1103 374 tremebat

615 411 799 498 Bebryciae
823 413 981 498 strepitus
1005 414 1161 481 harenae.

510 590 602 658 Tene
627 591 661 657 in
685 591 825 659 remotis
848 587 1005 677 Syrtibus
1029 591 1137 676 avia¹)

509 698 622 783 Leptis
645 697 795 765 creavit?
820 699 888 764 iam
911 696 995 766 ieret
1018 698 1151 766 Indicas

511 822 643 872 messes
667 805 884 891 odoratisque
910 823 986 873 rara
1198 800 1202 810 '

618 909 816 996 Cinnama²)
841 913 1020 998 praeripiet
1043 909 1196 981 Sabaeis.

511 1088 598 1174 Quis
622 1107 692 1157 non
716 1089 749 1156 in
774 1090 867 1156 omni
892 1091 1015 1158 vertice
1039 1090 1172 1158 Romuli

514 1193 697 1283 reptasse⁸)
722 1195 887 1281 dnlcem⁴)
912 1195 1114 1283 Septimium
1139 1200 1255 1282 putet?

512 1304 587 1391 quis
609 1301 701 1372 fonte
726 1302 913 1389 lutumae⁵)
939 1305 1060 1372 relictis

618 1409 778 1479 uberibus
803 1415 905 1497 neget
928 1429 1006 1479 esse
1030 1415 1188 1496 pastum?

513 1588 585 1656 Nec
608 1591 694 1657 mira
717 1590 838 1657 virtus:
864 1587 1017 1674 protinus
1041 1588 1220 1656 Ausonum

511 1700 629 1782 portus
652 1697 803 1764 vadosae
827 1697 963 1764 nescius
985 1694 1119 1763 Africae

514 1805 618 1870 intras
643 1803 889 1888 adoptatusque
914 1801 1034 1870 Tuscis

620 1908 814 1994 gurgitibus
838 1927 922 1994 puer
945 1909 1114 1976 innatasti.

514 2085 603 2153 Hinc
626 2103 752 2171 parvus
776 2086 861 2152 inter
884 2087 1029 2172 pignora
1053 2085 1198 2172 euriaessy

515 2194 691 2261 contentus
716 2195 808 2260 artae
831 2192 959 2260 iumine
983 2211 1153 2278 purpurae

516 2299 649 2377 crescis,
674 2300 734 2366 sed
758 2299 947 2367 immensos
970 2297 1137 2385 iabores'iy

621 2405 735 2473 indole
759 2407 898 2492 patricia
921 2409 1066 2474 secutus.

517 2584 594 2653 Non
618 2603 731 2653 sermo
757 2583 902 2661 Poenus,
927 2602 997 2652 non
1021 2585 1156 2653 babitus
1178 2583 1247 2662 tibi,

515 2695 655 2760 externa
679 2695 747 2760 non
773 2710 886 2760 mens:
911 2691 1023 2768 Italus,
1048 2691 1161 2760 Italus,

498 2796 602 2867 Sunt
627 2797 716 2866 Urbe
740 2798 971 2885 Romanisque
995 2800 1126 2876 turmis,

623 2906 680 2991 qui
706 2905 845 2991 Libyam
871 2906 1013 2972 deceant
1036 2906 1178 2973 alumni!

516 3083 575 3153 Est
598 3085 630 3151 et
652 3082 807 3150 frementi
832 3102 899 3151 vox
924 3083 1040 3151 hilaris
1063 3082 1147 3161 foro,

518 3192 638 3258 venale
662 3191 722 3259 sed
747 3208 816 3258 non
840 3191 1013 3278 eloquium
1037 3189 1106 3268 tibi,

519 3298 679 3384 ensisque
702 3298 830 3384 vagina
854 3297 1010 3384 quiescit;

626 3405 793 3490 stringere
818 3422 861 3471 ne
885 3404 1022 3471 iubeant
1045 3403 1160 3470 amici!

519 3577 587 3649 Sed
612 3599 691 3649 rura
715 3581 807 3648 oordi
831 3581 970 3666 saepius
994 3584 1026 3649 et
1049 3582 1157 3667 quies

518 3688 666 3754 nuncin
690 3689 839 3772 paternis
863 3687 1003 3756 sedibus
1027 3691 1059 3756 et
1083 3689 1158 3757 solo

360 3867 382 3937 ¹)
401 3866 436 3923 ci.
455 3867 465 3921 i
483 3871 508 3932 3,
528 3870 572 3924 89.

357 3955 381 4026 ²)
401 3956 435 4013 ci.
454 3957 464 4011 ι
482 3961 507 4019 2,
528 3960 580 4011 222
600 3970 660 4025 sqq.

357 4044 1150 4115 3)οῐ.ι2,262;111,98;7,32;1νες,29;215,82.
1187 4045 1356 4102 Αοὴ,1476
1374 4060 1415 4114 sq.
1453 4043 1538 4101 Theb.
1551 4043 1587 4100 lV

252 4141 316 4200 79⁴:
336 4135 370 4190 lX
388 4137 442 4191 620
460 4151 501 4205 sq.

356 4222 369 4261 ⁴
399 4224 433 4280 ci.
453 4225 471 4279 ll
490 4229 514 4289 7,
535 4226 570 4279 ³6
589 4239 631 4293 sq.

398 4313 432 4369 ci.
451 4312 527 4384 Virg.
545 4313 615 4368 Aen.
635 4311 679 4367 Xll
701 4316 750 4367 138
769 4324 829 4382 sqq.

401 4400 649 4472 dwamm

401 4490 714 4558 ei.V1,109;2,45.
