3500 4868
712 104 934 168 „49„.

163 299 345 368 iustissime
368 296 543 366 Maximus
566 312 759 364 memorare
788 311 899 373 enses,
935 313 1023 383 quos
1052 297 1202 365 tulerat
1236 298 1280 366 ad
1312 295 1489 377 Orontem,

163 407 240 492 quia
264 407 350 492 ipse
373 404 539 471 tulerat,
579 401 778 489 Elegantem
797 401 899 470 etiam
917 403 1029 471 iudico
1045 400 1141 472 Statii
1159 403 1395 482 urbanitatem,
1412 423 1490 474 cum

162 516 290 598 patrem
326 512 369 579 de
396 528 434 579 se
469 510 544 596 ipso
577 527 715 578 summa
744 511 875 577 tanturn
906 510 1074 579 modestia
1097 512 1292 578 narrantem
1315 510 1424 598 lingit,
1449 512 1492 581 de

163 638 245 698 avo,
275 620 310 686 ul
338 617 450 686 invicti
481 614 638 686 Caesaris
667 615 823 700 rapidum
850 616 981 684 tulmen
1013 620 1150 686 secutus
1174 616 1303 704 refugis
1326 615 1492 688 Sarmatis

163 744 315 794 amaram
350 723 414 793 sub
449 742 519 793 uno
555 723 650 792 coelo
685 723 800 790 vivere
835 724 948 809 legem
985 724 1148 792 dederit.
1210 724 1298 793 Nam
1338 726 1492 795 dedecuit

162 834 363 910 hlaximum,
399 833 520 918 poetae
553 829 661 897 fidum
694 829 909 908 monitorem,
939 830 1176 910 iustissimum,
1204 833 1259 918 qui
1286 833 1377 901 alma
1400 834 1494 919 prole

161 940 361 1008 fundaverat
388 955 518 1006 vacuos
553 940 703 1023 penates,
739 937 861 1015 civem,
896 938 1008 1005 virum
1041 939 1229 1023 sapientem
1266 942 1298 1007 et
1337 938 1492 1024 probum,

163 1045 319 1115 laudibus
354 1063 391 1113 se
416 1045 528 1131 ipsum
556 1044 688 1122 tollere;
719 1061 838 1130 quare:
879 1053 1061 1123 „enses“,
1095 1045 1212 1131 inquil,
1252 1047 1389 1125 ,tuli“,
1419 1047 1438 1114 i.
1464 1065 1492 1116 e.

166 1153 352 1240 „stipendia
371 1149 467 1221 ieci“.
515 1151 669 1219 Maximo
699 1169 837 1219 carmen
857 1155 998 1220 tenuare
1022 1154 1127 1220 tentat
1150 1154 1260 1239 poeta.
1301 1153 1493 1221 Maximum

163 1261 291 1346 optima
306 1277 442 1347 quaque
459 1259 657 1346 augendum
667 1260 768 1347 ‚curat
783 1259 915 1338 virtute,
937 1259 1090 1338 consilio,
1108 1260 1154 1326 rei
1173 1260 1328 1328 militaris
1344 1261 1494 1340 scientia,

164 1367 372 1443 auctoritate,
398 1367 617 1443 humanitate,
640 1365 808 1433 felicitate.

269 1581 299 1629 v.
319 1567 361 1629 53
378 1579 466 1648 sqq.:
492 1570 762 1648 ,‚generosus“
788 1560 901 1629 infans
923 1561 1185 1647 Maximianas¹)
1210 1563 1379 1632 scribendi
1404 1566 1494 1632 artes

163 1669 279 1746 discat,
304 1667 428 1754 quibus
451 1671 546 1754 pater
569 1687 671 1737 omne
695 1669 813 1736 mundi
838 1669 971 1737 senium
994 1686 1196 1755 permensus
1213 1687 1293 1739 orsa
1309 1672 1341 1738 et
1357 1667 1495 1739 Sallusti

102 1803 104 1806 ·
162 1776 275 1844 brevis
297 1779 331 1844 et
354 1775 437 1844 Livii
463 1773 647 1861 Patavini²l
672 1775 789 1843 reddit.

546 2242 610 2316 Ad
641 2241 819 2317 Vibium
850 2242 1111 2319 Maximum.

779 2400 824 2468 lv
849 2405 882 2468 7.

466 2525 535 2592 lam
561 2526 618 2593 diu
642 2527 710 2594 lato
735 2526 863 2595 sociata
887 2544 1009 2611 campo

466 2630 563 2701 lortis
587 2633 738 2710 heroina,
763 2632 875 2711 Erato,
900 2632 1035 2702 labores

468 2738 565 2808 differ
588 2741 689 2826 alque
712 2741 835 2828 ingens
860 2759 947 2826 opus
970 2741 1004 2808 in
1030 2740 1180 2809 minores

591 2848 753 2915 contrahe
776 2865 891 2934 gyros.

453 3042 587 3138 ¹Tuque
612 3046 772 3130 regnator
796 3045 920 3130 lyricae
944 3044 1093 3113 cohortis

471 3151 514 3218 da
537 3151 617 3220 novi
641 3150 781 3236 paulum
806 3151 888 3218 mihi
914 3150 988 3218 iura
1010 3151 1135 3238 plectri,

470 3257 498 3324 si
522 3260 600 3326 tuas
623 3260 723 3325 cantu
748 3257 844 3327 Latio
868 3253 1052 3344 sacravit),

595 3363 750 3443 Pindare,
775 3364 921 3433 Thebas.

348 3633 349 3637 Ἴ
471 3559 625 3629 Maximo
649 3575 786 3628 carmen
809 3561 981 3647 tenuaret
1005 3563 1111 3629 tento:

472 3684 563 3735 nunc
586 3667 628 3734 ab
649 3667 790 3735 intonsa
813 3667 978 3752 capienda
1003 3671 1113 3755 myrto

471 3777 572 3853 seria,
597 3792 689 3842 nunc
711 3774 821 3842 maior
844 3773 917 3843 sitis
941 3779 973 3844 et
996 3775 1164 3843 bibendus

596 3877 752 3968 castior⁶l
777 3882 897 3951 amnis.

277 4132 300 4203 ¹)
317 4133 352 4189 ci.
372 4133 428 4191 Cic.
448 4133 523 4190 Brut.
541 4134 569 4190 lll
591 4139 631 4188 14.

164 4255 167 4260 ·
274 4223 351 4292 ²)ei.
370 4222 445 4294 ling.
465 4223 534 4280 Aen.
555 4223 635 4278 1244
654 4236 713 4291 sqq.

277 4310 559 4383 &mmmmm

268 4397 301 4471 Ἰ)
320 4401 353 4458 ci.
373 4403 440 4458 lior.
459 4402 544 4473 Epist.
564 4401 583 4458 ll
602 4403 626 4467 l,
645 4405 712 4466 2253
741 4399 830 4456 Carm.
850 4400 877 4454 lll
897 4404 922 4464 ³,
942 4405 984 4456 72.

277 4487 301 4556 ⁵)
320 4491 355 4548 el.
374 4491 474 4548 Vollm.
494 4492 556 4548 adn.
576 4493 619 4547 ad.
639 4489 706 4546 Silv.
725 4490 752 4546 lll
774 4495 796 4556 l,
815 4494 858 4546 42.
